2709 4300
201 325 317 373 cn.
336 327 507 380 ies-‚1
946 286 960 367 l
988 325 1179 374 ussa
1214 327 1516 380 Qum-rus,
2151 357 2166 368 .
2211 321 2300 384 ω

958 374 965 391 ἱ

964 400 970 412 ι

305 464 579 522 omnibus
626 462 885 539 partibus
930 460 1003 527 ad
1050 465 1418 540 pabulatores
1436 464 1896 536 ,advolaveruna
1937 467 2042 537 sic,
2087 468 2176 526 uti
2223 468 2296 526 ab

308 553 493 628 signis
532 553 971 629 legionibusque
1010 571 1125 612 non
1168 553 1526 612 absisterent.
1607 554 1826 625 Nostri,
1857 557 2070 614 aeriter
2097 558 2158 614 in
2198 576 2296 615 eos

308 643 531 718 impetu
582 639 751 711 facto,
803 641 1181 716 repulerunt3
1226 661 1416 718 neque
1461 643 1636 700 finem
1681 644 1962 719 sequendi
2009 645 2292 715 fecerunt,

308 731 501 805 quoad
544 730 801 788 subsidio
844 730 1045 788 confisi
1088 731 1329 806 equites,
1359 749 1544 806 quum
1585 742 1710 808 post
1749 751 1812 790 se
1854 733 2110 809 legiones
2137 734 2293 793 vide-

240 828 283 878 5
312 829 461 890 rent,
488 820 835 896 praecipites
872 819 1065 876 hostes
1104 829 1388 895 egerunt:
1435 839 1761 897 magnoque
1807 841 2010 880 eorum
2051 839 2296 882 numero

310 907 631 978 interfecto,
673 927 867 984 neque
906 908 999 966 sui
1046 907 1378 984 colligendi,
1421 927 1610 986 neque
1659 911 2024 980 consistendi,
2074 922 2174 970 aut
2221 931 2295 970 ex

309 997 529 1056 essedis
568 997 873 1058 desiliendi
920 995 1251 1056 facultatem
1294 995 1597 1054 dederunt.
1681 998 1776 1056 Ex
1815 1000 1926 1058 hac
1943 999 2098 1078 suga
2126 1001 2294 1076 proti-

308 1105 442 1156 nus,
470 1105 623 1163 quae
654 1086 909 1162 undique
936 1092 1343 1155 convenerant,
1375 1087 1594 1144 auxilia
1635 1087 2062 1148 discesserunt:
2105 1107 2296 1165 neque

210 1236 221 1243 ,
308 1186 437 1250 post
460 1176 519 1232 id
546 1185 773 1252 tempus
802 1193 1059 1250 unquam
1086 1176 1329 1233 summis
1356 1175 1658 1237 nobiscum
1703 1179 1886 1253 copiis
1927 1179 2120 1236 hostes
2161 1195 2293 1238 con-

202 1271 283 1326 10
310 1264 635 1321 tenderunt.
1024 1329 1033 1338 ,

394 1351 615 1411 XVIII.
658 1353 897 1422 Caesar,
928 1354 1157 1430 cognito
1198 1355 1440 1412 consilio
1481 1373 1702 1426 eorum,
1733 1355 1808 1413 ad
1835 1357 2052 1414 flumen
2081 1355 2293 1414 Tame-

308 1441 399 1496 sin
429 1442 489 1499 in
518 1442 663 1501 fines
688 1442 1129 1511 Cassivellauni,
1154 1445 1479 1502 exercitum
1503 1444 1668 1502 duxit
1691 1463 1709 1515 3
1755 1445 1906 1519 quod
1934 1447 2152 1502 flumen
2178 1464 2298 1503 uno

308 1531 545 1589 omnino
587 1530 715 1624 loco
758 1531 1017 1608 pedibus,
1050 1541 1223 1605 atque
1264 1531 1374 1588 hoc
1415 1549 1611 1609 aegre,
1646 1534 1881 1590 transiri
1923 1543 2124 1609 potest.
2208 1533 2297 1591 Eo

310 1637 495 1693 quum
523 1621 791 1690 venisset,
812 1621 1233 1688 animadvertit,
1264 1619 1337 1678 ad
1364 1620 1612 1678 alteram
1639 1621 1896 1680 fluminis
1923 1623 2112 1700 ripam
2137 1641 2297 1699 mag-

204 1715 283 1770 15
310 1726 419 1766 nas
446 1729 573 1766 esse
614 1710 809 1786 copias
848 1709 1097 1766 hostium
1140 1709 1492 1768 instructas:
1535 1711 1660 1786 ripa
1705 1721 1900 1768 autem
1941 1720 2070 1769 erat
2111 1712 2300 1770 acutis

311 1796 553 1855 sudibus
580 1799 849 1874 praefixis
878 1799 1138 1870 munita3
1184 1798 1560 1874 ejusdemque
1587 1800 1818 1876 generi·
1857 1801 1968 1858 sub
2009 1819 2162 1875 aqua
2201 1799 2295 1858 de-

310 1887 463 1944 fixae
485 1887 657 1946 sudes
684 1888 919 1944 flumine
946 1888 1308 1963 tegebantur.
1394 1887 1504 1945 His
1533 1890 1708 1947 rebus
1735 1890 1980 1966 cognitis
1999 1909 2036 1948 a
2055 1891 2300 1966 captivis

310 1974 707 2052 perfugisque,
737 1976 973 2045 Caesar,
1003 1977 1317 2052 praemisso
1359 1979 1637 2053 equitatu,
1682 1977 1988 2036 confestim
2038 1979 2300 2057 legiones

312 2065 589 2142 subsequi
620 2066 811 2141 jussit.
894 2065 1011 2124 Sed
1062 2085 1135 2124 ea
1178 2067 1472 2124 celeritate
1517 2077 1690 2144 atque
1731 2087 1800 2126 eo
1840 2070 2059 2146 impet-u
2087 2070 2300 2128 milites

200 2159 287 2216 20
312 2155 523 2225 ierunt,
546 2174 729 2232 quum
758 2157 947 2232 capite
974 2155 1095 2213 solo
1110 2176 1184 2213 ex
1208 2175 1362 2233 aqua
1383 2167 1692 2228 exstarent,
1719 2167 1780 2217 ut
1807 2159 1996 2217 hostes
2021 2162 2301 2237 impetum

314 2244 609 2321 legionum
651 2255 823 2321 atque
862 2246 1147 2321 equitum-
1165 2247 1450 2304 sustinere
1491 2265 1602 2305 non
1645 2258 1890 2323 possent,
1919 2250 2190 2325 ripasque
2217 2248 2297 2305 di-

316 2336 621 2405 mitterent,
652 2354 723 2393 ac
750 2354 815 2391 se
844 2332 1017 2413 fugae
1046 2334 1406 2393 mandarent.

396 2423 557 2481 XIX.
600 2424 1093 2493 Cassivellaunus,
1126 2433 1189 2481 ut
1220 2443 1400 2501 supra
1439 2423 1978 2494 demonstravimus,
2009 2425 2166 2481 omni
2205 2424 2300 2483 de-

314 2513 497 2589 posita
538 2532 639 2589 spe
678 2513 1072 2581 contentionis,
1116 2513 1366 2570 dimissis
1405 2513 1780 2588 amplioribus
1817 2513 2015 2589 copiiS,
2045 2512 2304 2571 millibus

203 2608 287 2662 25
312 2603 549 2660 circiter
590 2614 839 2678 quatuor
878 2601 1302 2662 essedariorum
1344 2602 1580 2671 relictis,
1620 2601 1830 2659 itinera
1873 2612 2068 2659 nostra
2109 2620 2300 2661 serva-

316 2692 431 2761 bat,
462 2691 879 2768 paululumque
908 2710 983 2747 ex
1012 2692 1109 2747 via
1136 2683 1469 2760 excedebat,
1500 2690 1758 2764 locisque
1799 2691 2086 2766 impeditis
2129 2702 2302 2768 atque

314 2780 675 2839 silvestribus
720 2798 851 2837 sese
878 2780 1227 2847 occultabat,
1260 2788 1434 2853 atque
1463 2779 1534 2835 iis
1563 2778 1914 2854 regionibus,
1945 2781 2160 2855 quibus
2199 2800 2304 2839 nos

314 2872 427 2929 iter
466 2869 723 2929 facturos
762 2878 1128 2946 cognoverat,
1158 2885 1372 2944 pecora
1414 2876 1584 2943 atque
1627 2866 1890 2928 homines
1929 2886 2004 2927 ex
2045 2870 2202 2945 agris
2241 2871 2302 2927 in

314 2961 497 3018 silvas
540 2960 959 3035 compellebat3
1004 2968 1079 3027 et,
1108 2976 1291 3034 quum
1320 2957 1610 3031 equitatus
1639 2967 1832 3015 noster
1872 2957 2114 3015 liberius
2141 2976 2301 3033 prae-

210 3056 291 3110 30
316 3049 489 3107 dandi
518 3048 893 3123 vastandique
922 3066 1201 3105 causaue
1235 3048 1295 3103 in
1332 3064 1504 3123 agros
1531 3046 1870 3119 effunderet,
1898 3048 2168 3105 omnibus
2193 3048 2304 3108 viis

316 3139 465 3197 notis
492 3138 827 3212 semitisque
852 3135 1169 3193 essedarios
1198 3155 1271 3195 ex
1300 3136 1462 3193 silvis
1489 3138 1814 3206 emittebat,
1837 3146 1896 3193 et
1927 3152 2138 3212 magno
2163 3155 2303 3195 cum

320 3227 577 3304 periculo
622 3236 942 3285 nostrorum
986 3226 1247 3300 equitum
1292 3244 1430 3283 cum
1473 3226 1544 3283 iis
1583 3226 1948 3301 confligebat,
1978 3234 2154 3300 atque
2194 3226 2302 3283 hoc

316 3328 479 3375 metu
535 3316 709 3373 latius
754 3316 956 3392 vagari
1012 3315 1372 3391 prohibebat.
1467 3314 1948 3389 Relinquebatur,
1997 3323 2060 3371 ut
2113 3332 2304 3389 neque

320 3408 551 3483 longius
598 3405 671 3463 ab
720 3405 951 3481 agmine
1007 3404 1303 3481 legionum
1352 3403 1570 3461 discedi
1619 3402 1840 3461 Caesar
1889 3412 2200 3478 pateretur,
2247 3414 2306 3461 et

216 3506 295 3561 35
322 3506 545 3553 tantum
592 3496 650 3553 in
708 3495 867 3571 agris
915 3494 1217 3567 vastandis,
1259 3492 1654 3567 incendiisque
1713 3490 1994 3559 faciendis
2047 3492 2306 3559 hostibus

220 3636 225 3641 .
322 3594 647 3654 noceretur,
686 3592 971 3659 quantum
1018 3583 1213 3640 labore
1260 3592 1436 3656 atque
1483 3581 1690 3638 itinere
1739 3580 2044 3657 legionarii
2094 3581 2306 3640 milites

322 3672 555 3732 efficere
583 3682 863 3749 poterant.

408 3762 543 3821 XX.
594 3762 833 3820 Interim
887 3761 1289 3830 Trinobantes,
1322 3778 1498 3837 prope
1551 3759 1888 3817 firmissima
1941 3778 2150 3819 earum
2181 3794 2188 3805 ·
2216 3778 2304 3819 re-

218 3894 227 3901 ·
324 3852 565 3929 gionum
612 3851 837 3921 civitas,
876 3870 953 3908 ex
992 3868 1111 3925 qua
1159 3850 1598 3909 Mandubratius
1643 3848 1996 3919 adolescens,
2037 3849 2308 3911 Cae-aria
