2709 4300
236 247 389 350 ⁸cn.
404 251 479 300 ss,
498 245 595 298 sa]
1066 245 1261 294 LIBER
1292 245 1598 300 QUINTUS.
2239 239 2362 309 107

262 394 503 460 mpus
544 399 661 440 non
708 379 831 440 fore
873 391 1243 460 potestaten:
1294 403 1366 442 ac
1401 385 1490 442 sic
1525 393 1745 442 nostros
1773 394 2254 462 comempnemnt,

264 483 353 542 ut,
378 474 695 532 obstructis
737 473 799 528 in
842 473 1097 548 speciem
1142 474 1321 550 portis
1354 473 1602 550 singulis
1633 473 1932 534 ordinibus
1953 476 2254 551 cespitum,

263 563 423 639 quod
452 583 525 621 ea
552 581 667 620 non
695 581 859 639 posse
878 564 1299 640 introrumpere
1320 564 1685 633 videbantur,
1707 564 1806 622 alii
1827 565 2050 622 vallum
2075 581 2252 625 manu

264 653 557 722 scindere,
588 653 689 710 alii
718 652 901 710 fossas
926 653 1223 730 complere
1250 655 1592 730 inciperent.
1677 653 1837 712 Tum
1862 654 2102 724 Caesar,
2131 673 2251 712 om·

266 742 443 800 nibus
488 743 669 818 portis
714 743 1017 818 eruptione
1066 742 1241 812 facta,
1286 744 1666 818 equitatuque
1709 745 1938 814 emisse,
1985 744 2257 802 celeriter
2277 753 2320 808 ὖ

268 832 461 888 hostes
478 831 581 888 dat
604 832 667 889 in
694 830 915 907 fugam,
936 832 1041 902 sic,
1067 832 1151 888 uti
1174 833 1408 890 omnino
1433 832 1730 910 pugnandi
1755 851 1938 890 causa
1965 834 2262 892 resisteret

264 937 481 992 nem03
538 937 935 997 magnumque
982 937 1057 978 ex
1101 921 1173 978 iis
1214 938 1528 979 numerum
1569 921 1800 991 occidit,
1843 931 2018 998 atque
2053 939 2256 981 omnes

266 1010 449 1066 armis
476 1009 663 1066 exuit.

344 1097 483 1156 LII.
544 1096 811 1174 Longius
852 1099 1123 1174 prosequi
1176 1099 1416 1168 veritus,
1461 1099 1615 1174 quod
1661 1099 1845 1157 silvae
1899 1098 2254 1176 paludesque

266 1185 721 1256 intercedebant,
744 1201 935 1262 neque
962 1187 1137 1244 etiam
1164 1188 1410 1263 parvulo
1431 1187 1770 1246 detrimento
1796 1188 2030 1246 illorum
2057 1188 2254 1246 locum
2281 1195 2358 1254 10

266 1278 525 1352 relinqui
554 1275 805 1345 videbat,
834 1276 1101 1334 omnibus
1126 1277 1249 1334 suis
1276 1278 1668 1335 incolumibus
1700 1278 1898 1352 copiis,
1927 1277 2132 1334 eadem
2157 1278 2254 1336 die

264 1366 340 1422 ad
368 1366 713 1423 Ciceronem
754 1366 1035 1442 pervenit.
1120 1364 1418 1422 Institutas
1457 1375 1668 1434 turres,
1701 1364 2036 1434 testudines,
2063 1367 2251 1424 muni-

266 1457 569 1529 tionesque
616 1454 863 1512 hostium
918 1454 1271 1512 admiratur:
1336 1453 1614 1528 producta
1666 1453 1894 1528 legione
1943 1455 2252 1530 cognoscit,

264 1563 383 1602 non
410 1543 707 1600 decimum
732 1561 1021 1618 quemque
1054 1561 1183 1600 esse
1228 1541 1499 1598 relictum
1541 1539 1782 1612 militem
1821 1542 1946 1597 sine
1989 1541 2251 1600 vulnere.

266 1633 367 1691 Ex
394 1633 485 1690 his
512 1633 779 1690 omnibus
797 1631 1023 1707 judicat
1050 1631 1241 1698 rebus,
1264 1637 1482 1706 quanto
1509 1647 1646 1686 cum
1675 1629 1936 1703 periculo
1953 1639 2012 1688 et
2037 1640 2256 1706 quanta
2283 1641 2358 1698 u

264 1741 409 1780 cum
455 1723 669 1780 virtute
714 1722 831 1778 sint
884 1739 981 1778 res
1034 1719 1508 1776 administratae:
1573 1716 1916 1774 Ciceronem
1971 1735 2074 1793 pro
2127 1719 2257 1794 ejus

266 1813 475 1869 merito
503 1811 908 1888 legionemque
934 1808 1265 1867 collaudat:
1308 1808 1681 1866 centuriones
1709 1805 2048 1882 singillatim
2077 1807 2252 1864 tribu·

266 1919 489 1976 nosque
530 1901 781 1969 militum
818 1898 1090 1975 appellat,
1136 1912 1386 1973 quorum
1429 1895 1730 1973 egregiam
1776 1894 1954 1953 fuisse
1983 1896 2254 1955 virtutem

267 1989 597 2048 testimonio
636 1989 936 2048 Ciceronis
976 1993 1344 2063 cognoverat.
1430 1983 1522 2044 De
1557 2003 1704 2043 casu
1741 1985 1942 2042 Sabini
1968 1995 2026 2044 st
2051 1985 2253 2044 Cottae

266 2081 493 2138 certius
530 2097 603 2136 ex
642 2079 887 2155 captivis
932 2076 1245 2155 cognoscit.
1330 2074 1564 2135 Postero
1592 2075 1702 2144 die,
1731 2076 2010 2132 concione
2037 2075 2249 2144 habita,
2277 2073 2358 2140 20

270 2186 397 2227 rem
424 2180 648 2246 gestam
676 2168 975 2245 proponit:
1018 2165 1231 2223 milites
1256 2165 1588 2223 consolatur
1621 2174 1679 2222 et
1715 2165 2020 2223 confirmat
2043 2184 2056 2221 ε
2098 2163 2253 2240 quod

268 2260 683 2317 detrimentum
731 2258 909 2333 culpa
948 2264 1007 2313 et
1054 2255 1378 2313 temeritate
1432 2255 1609 2331 legati
1652 2255 1726 2311 sit
1773 2263 2101 2328 acceptum,
2141 2254 2254 2311 hoc

270 2350 545 2425 aequiore
600 2346 791 2405 animo
846 2344 1149 2403 ferendum
1198 2344 1388 2414 docet,
1444 2343 1616 2419 quod,
1673 2343 1960 2399 beneficio
2013 2340 2254 2397 deorum

270 2436 685 2497 immortalium
732 2446 791 2493 et
838 2436 1049 2492 virtute
1098 2452 1301 2493 eorum
1356 2434 1588 2508 expiato
1641 2428 2018 2497 incommodo,
2063 2445 2252 2503 neque

270 2529 533 2587 hostibus
586 2526 809 2583 diutina
864 2524 1115 2595 laetatio,
1164 2541 1357 2599 neque
1407 2522 1548 2597 ipsis
1596 2520 1820 2596 longior
1871 2517 2036 2575 dolor
2081 2516 2252 2575 relin·
2279 2528 2356 2583 ω

266 2626 507 2693 quatur.

352 2703 517 2763 LIII.
562 2703 799 2761 Interim
826 2701 899 2759 ad
937 2700 1265 2759 Labienum
1304 2716 1408 2775 per
1447 2697 1662 2754 Remos
1697 2694 2024 2753 incredibili
2051 2694 2252 2753 celeri-

270 2804 391 2853 tate
410 2793 484 2851 de
516 2792 754 2852 victoria
772 2791 1043 2849 Caesaris
1070 2789 1227 2847 fama
1254 2786 1562 2865 perfertur,
1587 2794 1668 2854 ut,
1691 2802 1872 2859 quum
1899 2782 1974 2857 ab
2002 2782 2257 2839 hibernis

268 2883 575 2942 Ciceronis
624 2882 849 2939 abesset
902 2879 1089 2937 millia
1141 2894 1420 2954 passuum
1473 2873 1710 2934 circiter
1757 2890 1852 2941 Lx,
1902 2888 2084 2947 eoque
2133 2879 2258 2947 post

274 2974 479 3031 horam
522 2988 731 3029 nonam
758 2970 873 3026 diei
900 2968 1117 3025 Caesar
1156 2965 1530 3043 pervenisset,
1561 2970 1692 3019 ante
1731 2960 1983 3018 mediam
2030 2966 2258 3017 noctem
2281 2972 2362 3029 00

270 3062 350 3119 ad
379 3070 571 3138 portas
596 3069 919 3117 castrorum
947 3057 1169 3115 clamor
1194 3055 1460 3123 oriretur,
1485 3070 1600 3127 quo
1627 3051 1884 3109 clamore
1911 3048 2260 3125 significatio

276 3150 560 3209 ’victoriae
586 3148 1013 3226 gratulatioque
1042 3146 1115 3203 ab
1144 3144 1349 3201 Remis
1377 3141 1643 3199 Labieno
1665 3140 1852 3197 fieret.
1937 3137 2070 3194 Hac
2101 3136 2258 3195 fama

276 3240 353 3297 ad
402 3239 681 3297 Treviros
726 3236 967 3312 perlata,
1013 3234 1458 3300 Indutiomarus,
1503 3230 1604 3304 qui
1653 3237 1878 3303 postero
1925 3225 2018 3283 die
2065 3234 2260 3283 castra

279 3328 528 3387 Labieni
582 3341 917 3403 oppugnare
970 3322 1327 3388 decreverat,
1383 3328 1560 3375 noctu
1615 3314 1886 3392 profugit,
1943 3314 2257 3389 copiasque

278 3437 479 3477 omnes
505 3418 565 3475 in
594 3417 873 3476 Treviros
910 3412 1151 3471 reducit.
1232 3408 1452 3467 Caesar
1493 3407 1740 3465 Fabium
1767 3422 1906 3463 cum
1944 3402 2170 3480 legione
2195 3402 2260 3458 in
2283 3412 2364 3469 ⁸

280 3526 390 3565 sua
444 3506 681 3563 remittit
732 3504 992 3571 hiberna,
1046 3503 1173 3577 ipse
1222 3516 1364 3556 cum
1415 3496 1602 3554 tribus
1654 3492 1980 3570 legionibus
2031 3492 2261 3548 circum

274 3596 753 3655 &mambrivam
800 3593 969 3651 trinis
1010 3588 1267 3647 hibernis
1314 3586 1572 3642 hiemare
1615 3582 1944 3652 constituit3
1989 3589 2066 3649 et,
2107 3576 2261 3653 quod

272 3686 427 3743 tanti
454 3693 643 3742 motus
670 3682 903 3741 Galliae
930 3679 1285 3743 exstiterant,
1308 3681 1484 3731 totam
1513 3672 1762 3729 hiemem
1787 3670 1910 3746 ipse
1939 3667 2012 3725 ad
2039 3660 2260 3725 exerci-

278 3784 409 3833 tum
436 3790 675 3831 manere
700 3770 975 3838 decrevit.
1060 3767 1217 3827 Nam
1244 3764 1345 3823 illo
1373 3759 1731 3835 incernuwdo
1757 3759 1830 3817 de
1850 3758 2054 3817 Sabini
2081 3766 2262 3819 morl»
