2709 4300
351 243 471 304 1⁸8
1062 249 1151 298 nn
1186 247 1400 298 mm
1425 245 1712 296 GALLmo
2127 247 2262 306 [en.
2277 253 2350 305 σι,
2364 255 2438 298 ⁸⁵.
2475 279 2480 283 -

449 389 876 467 sequebantur3
922 385 1177 458 Treviri,
1204 385 1357 465 quod
1387 389 1630 446 aberant
1655 387 1902 466 longius,
1931 398 1990 446 et
2019 389 2096 445 ab
2123 388 2446 446 Germanis

450 480 889 557 premebantur:
930 497 1083 555 quae
1126 477 1233 539 fuit
1276 495 1476 548 causa,
1505 495 1688 555 quare
1731 489 1846 536 toto
1885 479 2154 536 abessent
2182 479 2352 549 bello,
2381 487 2446 536 et

448 570 671 628 neutris
714 569 935 627 auxilia
978 569 1289 626 mitterent.
1373 567 1590 648 Magno
1631 567 1828 627 dolore
1869 567 2067 626 Aedui
2117 567 2332 638 ferunt,
2375 587 2450 625 se

450 657 701 736 dejectos
744 659 1112 735 principatu3
1150 667 1488 733 ‚queruntur
1531 656 1799 715 fortunae
1821 659 2354 726 commutationem,
2383 667 2450 716 et

388 757 427 812 8
450 748 719 808 Caesaris
738 747 1159 824 indulgentiam
1180 748 1239 802 in
1260 765 1325 804 se
1350 747 1692 822 requirunt3
1721 763 1914 823 neque
1933 757 2146 816 tamen,
2169 756 2446 822 suscepto

452 838 621 907 bello,
648 855 823 896 suum
868 837 1175 894 consilium
1217 836 1295 892 ab
1336 836 1576 912 reliquis
1615 853 1888 912 separare
1929 835 2162 894 audent.
2268 835 2448 894 Inviti

452 945 715 986 surianae
756 927 879 1004 spei
918 926 1331 995 adolescentes,
1363 924 1720 1002 Eporedorix
1748 935 1808 983 et
1835 925 2257 995 Viridomarus,
2289 925 2444 984 Ver-

452 1018 797 1094 cingetorigi
826 1025 1049 1093 parent.

532 1105 755 1164 LXIV.
838 1103 945 1163 Ille
972 1107 1219 1182 imperat
1246 1103 1490 1181 reliquis
1515 1104 1854 1162 civitatibus
1879 1100 2144 1162 obsides:
2188 1103 2446 1180 denique

356 1205 429 1264 10
452 1197 509 1256 ei
538 1197 623 1254 rei
650 1196 943 1254 constituit
968 1195 1161 1252 diem:
1206 1195 1323 1252 huc
1345 1211 1550 1252 omnes
1576 1193 1820 1270 equites,
1851 1208 1936 1252 xv
1963 1193 2146 1250 millia
2173 1204 2445 1262 numero,

452 1285 723 1344 celeriter
776 1286 1087 1344 convenire
1132 1284 1301 1362 jubet
1324 1303 1343 1357 ;
1412 1283 1697 1354 Peditatu,
1740 1301 1920 1360 >quem
1969 1294 2102 1342 ante
2151 1284 2444 1354 habuerit,

452 1395 517 1434 se
546 1374 665 1434 fore
692 1384 1025 1434 contentum
1054 1373 1229 1435 dicit:
1276 1391 1466 1449 neque
1503 1372 1795 1431 fortunam
1823 1381 2200 1442 tentaturum,
2233 1383 2336 1430 aut
2382 1375 2448 1430 in

456 1467 585 1524 acie
609 1465 1059 1537 dimicaturum3
1106 1463 1225 1533 sed,
1254 1464 1528 1540 quoniam
1557 1463 1810 1520 abundet
1849 1463 2132 1538 equitatu,
2161 1463 2448 1538 perfacile

454 1575 581 1616 eme
650 1554 827 1626 factu,
886 1552 1430 1613 frumentationibus
1497 1551 2080 1631 pabulationibusque
2151 1552 2450 1610 Romanoa

358 1655 429 1712 15
455 1647 791 1724 prohiberet
836 1665 1021 1722 aequo
1049 1645 1215 1703 modo
1242 1645 1436 1702 animo
1463 1661 1572 1702 sua
1597 1645 1706 1720 ipsi
1737 1643 2028 1702 frumenta
2047 1653 2446 1718 corrumpant,

456 1736 837 1812 aedificiaque
864 1735 1193 1804 incendant,
1224 1752 1341 1810 qua
1369 1734 1454 1792 rei
1483 1732 1790 1790 familiaris
1823 1733 2058 1810 jactura
2098 1743 2448 1808 perpetuum

454 1827 764 1902 imperium
784 1824 1227 1901 libertatemque
1255 1843 1317 1882 se
1344 1824 1622 1898 consequi
1643 1822 1898 1880 videant.
1984 1821 2096 1880 His
2117 1823 2450 1880 constitutis

457 1915 649 1984 rebus,
680 1915 910 1972 Aeduis
934 1914 1407 1990 Segusiauisque,
1437 1913 1538 1988 qui
1579 1921 1714 1970 sunt
1753 1911 1982 1970 finitimi
2013 1911 2374 1980 Provinciae,
2405 1899 2471 1970 κ’

457 2003 641 2060 millia
670 2003 927 2080 peditum
956 2005 1236 2078 imperat:
1282 2004 1400 2060 huc
1429 2001 1584 2060 addit
1611 2003 1838 2078 equites
1879 2019 2041 2059 nccc.
2125 2001 2236 2058 His
2279 2019 2446 2077 prae-

352 2097 433 2157 20
462 2092 599 2151 fecit
640 2091 877 2150 fratrem
922 2092 1348 2169 Eporedorigis,
1395 2091 1730 2169 bellumque
1775 2087 2000 2148 inferre
2031 2089 2448 2168 Allobrogibus

450 2184 637 2259 jubet.
722 2183 931 2242 Altera
958 2202 1033 2241 ex
1062 2193 1223 2261 parte
1245 2182 1501 2241 Gabalos
1519 2184 1922 2259 proximosque
1945 2202 2123 2259 pagos
2148 2184 2444 2241 Arverno-

458 2292 591 2332 rum
618 2274 678 2331 in
708 2272 967 2343 Helvios,
990 2274 1128 2331 item
1158 2274 1418 2333 Rutenos
1435 2272 1848 2347 Cadurcosque
1872 2267 1942 2329 ad
1961 2272 2106 2329 fines
2119 2272 2444 2330 Volcarum

459 2364 941 2423 Arecomicorum
962 2362 1390 2440 depopulandos
1409 2362 1600 2420 mittit.
1647 2362 2044 2419 Nihilominus
2067 2361 2446 2419 clandestinis

458 2455 691 2513 nunciis
718 2454 1215 2531 legationibusque
1244 2452 1596 2529 Allobrogas
1621 2451 1908 2521 sollicitat,
1939 2468 2187 2528 quorum
2221 2462 2445 2510 mentes

354 2550 435 2607 25
460 2544 713 2603 nondum
742 2545 815 2601 ab
842 2545 1138 2620 superiore
1168 2543 1319 2600 bello
1348 2542 1628 2599 resedisse
1655 2542 1944 2619 sperabat.
2030 2539 2258 2599 Horum
2287 2543 2444 2617 prin-

460 2635 687 2711 cipibus
734 2635 1030 2711 pecunias,
1060 2634 1281 2699 civitati
1328 2642 1521 2691 autem
1563 2632 1872 2707 imperinm
1900 2632 2072 2689 totius
2101 2632 2444 2689 Provinciae

461 2726 785 2801 pollicetur.

540 2816 733 2875 LXV.
778 2816 875 2873 Ad
904 2816 1006 2874 hos
1032 2831 1230 2873 omnes
1256 2832 1432 2873 casus
1459 2814 1686 2891 provisa
1712 2822 1878 2870 erant
1914 2811 2203 2891 praesidia
2241 2814 2442 2869 cohor-

460 2908 606 2965 tium
646 2906 892 2965 duarum
934 2916 991 2963 et
1022 2906 1243 2981 viginti,
1272 2922 1426 2981 quae
1469 2922 1542 2961 ex
1591 2904 1718 2980 ipsa
1765 2912 1968 2961 coacta
2015 2901 2321 2959 Provincia
2369 2904 2446 2960 ab

358 3000 439 3057 30
462 2998 535 3057 L.
566 2998 817 3055 Caesare
856 2996 1047 3072 legato
1092 2993 1167 3055 ad,
1206 3012 1406 3052 omnes
1449 3004 1644 3071 par-tes
1687 2992 2136 3069 opponebantur.
2223 2990 2444 3063 Helvii,

462 3108 567 3145 sua
600 3096 797 3163 sponte
834 3102 971 3143 cum
1012 3084 1271 3141 finitimis
1311 3084 1530 3159 proelio
1567 3083 1884 3161 congressi,
1923 3082 2240 3159 pelluntur,
2283 3092 2343 3139 et
2369 3082 2440 3140 C.

462 3174 701 3233 Valerio
729 3174 1078 3244 Donotaurc‚
1108 3172 1329 3231 Caburi
1356 3172 1495 3243 filio,
1527 3174 1785 3250 principe
1823 3173 2092 3243 civitatis,
2123 3172 2414 3248 compluri

460 3266 685 3340 busque
714 3266 843 3323 aliis
872 3262 1389 3332 interfectis,·intra
1415 3262 1621 3339 oppida
1650 3280 1962 3339 murosque
1987 3262 2442 3337 compelluntur.

464 3354 825 3429 Allobroges,
848 3355 1069 3412 crebris
1096 3352 1167 3411 ad
1198 3352 1544 3409 Rhodanum
1573 3353 1858 3430 dispositis
1887 3350 2204 3428 praesidiis,
2229 3370 2446 3428 magna

360 3444 440 3501 35
462 3460 599 3500 curn
626 3460 774 3499 cura
800 3455 859 3501 et
884 3442 1183 3519 diligentia
1208 3460 1347 3499 suos
1369 3440 1517 3499 fines
1531 3450 1786 3499 tuentur.
1871 3432 2108 3509 Caesar,
2133 3440 2286 3515 quod
2316 3442 2444 3497 hos-

462 3542 549 3590 tes
574 3532 848 3607 equitatu·
862 3533 1187 3607 superiores
1214 3550 1343 3589 esse
1381 3530 1756 3609 intelligebat,
1787 3540 1862 3599 et,
1893 3530 2226 3587 interclusis
2261 3530 2444 3585 omni.

463 3620 573 3675 bus
608 3621 926 3687 itineribus,
956 3620 1122 3677 nulla
1161 3638 1225 3678 re
1263 3638 1337 3678 ex
1382 3621 1696 3679 Provincia
1727 3629 1900 3695 atque
1939 3618 2109 3677 Italia
2145 3616 2446 3677 sublevari

462 3714 699 3776 poterat,
728 3715 891 3763 trans
917 3706 1187 3765 Rhenum
1216 3710 1276 3765 in
1306 3710 1688 3767 Germaniam
1715 3708 1888 3766 mittit
1925 3708 1998 3765 ad
2025 3726 2128 3767 eas
2147 3708 2443 3779 civitates,

422 3810 441 3817 ·
460 3802 609 3859 vlu
630 3793 1027 3865 superioribus
1054 3796 1221 3853 annis
1248 3806 1580 3873 pacaverat,
1611 3798 1952 3875 equitesque
1979 3798 2054 3855 sb
2080 3798 2172 3855 his
2199 3799 2448 3857 arcessit
