2709 4300
414 247 551 309 sse
1136 259 1227 306 na
1260 257 1472 306 mm
1507 257 1796 306 ωιυοο
2199 259 2341 314 [cu.
2367 266 2436 314 u,

518 397 723 466 tinere,
754 407 828 466 et,
858 415 963 472 pro
1002 395 1199 456 nativo
1238 415 1408 454 muro
1445 397 1754 472 objeoeam,
1791 395 2124 454 Cheruscos
2163 398 2238 454 ab
2279 397 2528 463 Suevis,

516 485 741 543 Suevos
770 487 843 544 ab
868 486 1201 555 Cheruscis,
1222 487 1450 562 injuriis
1479 487 2020 561 incursionibusque
2051 487 2402 562 prohibere·
2451 487 2526 542 ad

514 574 645 650 ejus
672 575 900 633 initium
926 576 1109 633 silvae
1136 575 1360 634 Suevos
1387 575 1700 632 adventum
1743 571 2138 634 Romanorum
2169 587 2530 651 exspectare

516 665 899 722 constituisse.

450 757 491 814 ὅ
600 752 701 812 XI.
743 753 1035 819 Quoniam
1066 753 1139 812 ad
1168 753 1323 812 hunc
1352 753 1548 812 locum
1575 763 1916 832 perventum
1957 764 2062 823 est,
2089 773 2208 812 non
2252 755 2526 814 alienum

515 861 643 902 ease
671 843 916 914 videtur,
946 843 1017 900 de
1048 843 1279 901 Galliae
1308 843 1778 920 Germaniaeque
1819 843 2092 912 moribus,
2123 853 2180 900 et
2207 863 2328 920 quo
2355 844 2522 902 diffe-

516 943 647 990 rant
674 952 779 990 eae
808 934 1067 990 nationes
1094 934 1243 990 inter
1270 953 1415 1002 sese,
1441 949 1776 1010 proponere.
1861 932 1927 990 In
1951 932 2150 990 Gallia
2176 951 2294 990 non
2323 935 2524 991 solum

515 1022 575 1078 in
616 1023 881 1080 omnibus
920 1023 1268 1091 civitatibus,
1300 1032 1472 1098 atque
1515 1023 1574 1078 in
1615 1022 1884 1079 omnibus
1917 1023 2080 1098 pagis
2109 1023 2520 1098 partibusque,

514 1110 615 1167 sed
638 1129 821 1186 paene
842 1113 1017 1168 etiam
1036 1113 1093 1168 in
1112 1111 1362 1188 singulis
1377 1111 1638 1168 domibus
1667 1110 1946 1168 factiones
1971 1121 2143 1168 sunt:
2185 1129 2522 1186 earumque

416 1201 491 1258 1‘0
518 1198 829 1257 factionum
876 1201 1165 1282 principes
1206 1210 1360 1270 sunt,
1389 1202 1490 1276 qui
1533 1219 1824 1258 summam
1866 1201 2266 1258 auctoritatem
2307 1219 2520 1260 eorum

507 1289 727 1364 judicio
746 1289 959 1348 habere
976 1291 1400 1359 existimantur,
1419 1307 1668 1364 quorum
1689 1290 1760 1348 ad
1778 1290 2082 1348 arbitrium
2096 1289 2516 1365 judiciumque

513 1398 743 1438 summa
784 1382 1042 1438 omnium
1086 1397 1281 1438 rerum
1320 1375 1808 1454 consiliorumque
1851 1379 2068 1437 redeat.
2155 1377 2340 1455 quue
2383 1380 2518 1454 ejus

512 1470 597 1526 rei
626 1487 806 1528 causa
828 1470 1141 1546 antiquitus
1164 1471 1488 1528 institutum
1511 1469 1756 1537 videtur,
1777 1487 1854 1526 ne
1875 1468 2006 1544 quis
2023 1487 2096 1524 ex
2119 1468 2288 1544 plebe
2307 1479 2516 1526 contra

514 1560 884 1634 potentiorem
912 1559 1117 1617 auxilii
1144 1569 1340 1636 egeret
1365 1579 1378 1616 :
1407 1578 1544 1616 suos
1568 1559 1728 1615 enim
1753 1558 2001 1633 quisque
2025 1557 2276 1633 opprimi
2307 1567 2366 1614 et
2397 1559 2512 1614 eir..

412 1649 487 1704 15
512 1650 837 1706 cumveniri
888 1665 999 1704 noa
1040 1649 1272 1724 patitur,
1312 1667 1520 1724 neque,
1561 1646 1730 1704 aliter
1769 1648 1820 1706 si
1865 1646 2096 1715 faciant,
2131 1646 2514 1714 ulium—{nter

510 1755 647 1796 suos
690 1737 901 1796 habent
942 1738 1364 1794 auctoritatem.
1449 1737 1616 1794 Haec
1657 1735 1862 1794 eadem
1900 1737 2044 1816 ratio
2068 1745 2158 1792 est
2183 1736 2246 1792 in
2275 1755 2512 1796 summa

510 1827 683 1882 totius
712 1825 941 1882 Galliae
954 1844 982 1882 ’z
1012 1842 1265 1901 namque
1288 1845 1489 1884 omnes
1517 1826 1780 1884 civitates
1809 1827 1872 1882 in
1901 1835 2092 1902 partes
2119 1825 2344 1882 divisae
2371 1836 2512 1884 sunt

510 1913 679 1970 duas.
1119 1971 1133 1987 ·
1679 1957 1686 1962 .

594 1999 723 2060 XII.
788 2001 990 2067 Quum
1044 2004 1263 2062 Caesar
1310 2006 1370 2062 in
1421 2005 1677 2062 Galliam
1727 2005 1902 2074 venit,
1954 2003 2195 2062 alterius
2239 2003 2508 2062 factionis

406 2097 487 2155 20
512 2091 804 2167 principes
846 2103 1009 2151 erant
1050 2093 1259 2165 Aedui,
1290 2095 1531 2155 alterius
1579 2095 1858 2171 Sequani.
1943 2093 2026 2153 Hi
2067 2112 2252 2170 quum
2293 2112 2398 2171 per
2439 2113 2506 2153 se

510 2182 703 2239 minus
754 2182 1031 2253 valerent,
1076 2184 1227 2260 quod
1270 2204 1500 2241 summa
1541 2185 1864 2241 ,auctoritas
1915 2184 2230 2259 antiquitus
2277 2194 2404 2241 erat
2445 2184 2504 2241 in

511 2270 755 2341 Aeduis,
786 2290 1147 2349 magnaeque
1174 2292 1378 2331 eorum
1407 2284 1572 2331 erant
1599 2272 1925 2341 clientelae,
1957 2272 2282 2330 Germanos
2326 2282 2502 2348 atque

510 2361 871 2419 Ariovistum
888 2356 1024 2419 Cibi
1070 2363 1470 2439 adjunxerant,
1501 2380 1712 2439 eosque
1759 2361 1830 2419 ad
1875 2380 1938 2418 se
1983 2361 2210 2437 magnis
2245 2361 2496 2436 jacturis

510 2451 1127 2527 pollicitationibusque
1168 2452 1575 2528 perduxerant.
1661 2450 1900 2509 Proeliis
1929 2468 2066 2507 vero
2105 2450 2504 2527 compluribus

402 2550 482 2603 25
512 2538 679 2596 factis
720 2540 1008 2610 secundis,
1040 2552 1213 2618 atque
1256 2542 1412 2599 omni
1455 2540 1750 2597 nobilitate
1794 2538 2129 2597 Aeduorum
2175 2538 2500 2609 interfecta,

508 2637 731 2685 tantum
761 2631 1009 2705 potentia
1036 2638 1480 2699 antecesserant,
1514 2638 1576 2687 ut
1617 2648 1888 2707 magnam
1931 2638 2154 2704 partem
2197 2628 2502 2685 clientium

508 2718 583 2774 ab
611 2717 839 2777 Aeduis
878 2719 951 2775 ad
990 2739 1053 2777 se
1096 2718 1556 2788 transducerent,
1597 2718 1940 2794 obsidesque
1971 2718 2044 2774 ab
2073 2718 2145 2774 iis
2172 2719 2500 2794 principum

507 2807 655 2865 filins
698 2810 1046 2884 acciperent,
1090 2819 1147 2868 et
1192 2809 1422 2885 publice
1463 2809 1664 2884 jurare
1705 2816 1994 2883 cogerent,
2035 2805 2179 2863 nihil
2207 2826 2272 2863 se
2301 2818 2501 2865 contra

506 2896 805 2973 Sequanos
844 2898 1071 2954 consilii
1114 2898 1398 2969 inituros3
1443 2906 1502 2955 et
1543 2907 1764 2973 partem
1805 2896 2034 2953 finitimi
2075 2896 2218 2972 agri,
2251 2914 2356 2971 per
2383 2897 2501 2956 vim

402 2996 481 3055 ‘80
504 2994 867 3061 occupatam,
890 2986 1261 3061 possiderent,
1288 2986 1634 3061 Galliaeque
1663 2986 1838 3043 totius
1865 2986 2252 3060 principatum
2279 2986 2500 3043 obtine-

508 3084 654 3133 rent.
738 3074 877 3139 Qua
922 3076 1266 3133 necessitate·
1312 3075 1598 3133 adductus
1643 3074 1990 3143 Divitiacus,
2021 3074 2224 3131 auxilii
2269 3076 2504 3149 petendi

508 3182 687 3221 causa
736 3164 981 3221 Romam
1027 3164 1099 3221 ad
1142 3164 1421 3221 Senatum
1473 3162 1782 3241 profectus,
1833 3161 2051 3219 infecta
2100 3180 2164 3219 re
2218 3162 2496 3221 redierat.

508 3252 783 3310 Adventu
800 3253 1073 3311 Caesaris
1090 3252 1245 3311 facta
1260 3254 1706 3312 commutatione
1727 3270 1940 3321 rerum,
1955 3251 2250 3309 obsidibus
2269 3251 2500 3311 Aeduis

508 3340 757 3410 redditis,
804 3342 984 3399 veteri
992 3342 1097 3399 bus
1140 3342 1428 3399 clientelis
1471 3342 1770 3411 restitutis,
1815 3342 1980 3432 novis
2028 3359 2134 3417 per
2183 3340 2498 3399 Caesarem

402 3446 480 3499 35
506 3430 851 3505 comparatis
894 3428 1073 3504 (quod
1103 3430 1181 3499 hi,
1210 3432 1312 3505 qui
1340 3450 1403 3487 se
1433 3429 1505 3488 ad
1533 3449 1734 3488 eorum
1775 3418 2090 3495 amicitiam
2133 3448 2490 3507 aggregave-

508 3526 654 3584 rant,
684 3516 921 3573 meliore
954 3518 1273 3576 conditione
1313 3528 1486 3595 atque
1529 3520 1820 3593 aequiore’
1845 3519 2088 3595 imperio
2125 3538 2188 3575 se
2227 3519 2311 3575 uti
2343 3519 2493 3578 vide-

507 3602 689 3673 bant,)
718 3602 958 3674 reliquis
988 3604 1163 3661 rebus
1200 3624 1420 3673 eorum,
1451 3609 1658 3683 gratia,
1687 3606 2084 3682 dignitateque.
2121 3607 2492 3683 amplificata,

506 3684 766 3757 Sequani
808 3689 1195 3761 principatum
1250 3692 1608 3753 dimiserant.
1691 3694 1760 3753 In
1813 3712 2014 3751 eorum
2068 3695 2274 3755 locum.
2321 3696 2497 3756 Remi

504 3780 949 3833 successerant:
990 3790 1135 3845 quos
1176 3778 1329 3849 qnod
1375 3779 1706 3856 adaequare
1749 3782 1903 3858 apud
1951 3783 2265 3845 Caesarem
2305 3787 2496 3861 gratia
