2709 4300
388 209 506 266 112
1102 217 1189 264 οε
1227 215 1438 262 Βειιο
1475 215 1566 262 GA
1575 213 1764 261 Luco
2223 212 2360 266 [cn.
2379 217 2478 257 Η.

484 357 775 425 amiserat,
806 366 864 415 et
900 355 1196 412 celeritate
1233 363 1291 412 et
1336 353 1518 429 copiis
1557 351 1768 420 docuit,
1797 349 1937 426 quid
1982 349 2190 426 Populi
2219 349 2482 407 Romam

482 444 787 520 disciplina
818 455 989 520 atque
1018 461 1155 519 opes
1184 452 1434 519 possent.

562 531 637 590 ΙΙ.
680 531 989 592 Interfecto
1032 530 1437 602 Indutiomam,
1485 540 1548 588 ut
1589 530 1910 599 docuimus,
1957 529 2029 586 ad
2073 529 2202 604 ejus
2243 529 2477 605 propin·

482 641 628 698 quos
655 641 691 679 a
718 622 984 680 Treviris
1024 621 1333 697 imperium
1361 619 1641 678 defertur.
1727 619 1820 677 Illi
1847 619 2118 676 finitimos
2147 617 2480 675 Gennanos

418 721 457 774 5
484 712 815 781 sollicitare,
866 721 923 769 et
966 711 1273 787 pecuniam
1318 710 1582 786 polliceri
1629 727 1741 766 non
1789 707 2102 765 desistunt:
2163 714 2353 784 quum
2403 709 2478 763 ab

482 801 756 878 proximis
784 802 1091 877 impetrare
1132 818 1244 857 non
1286 808 1530 876 possent,
1561 797 1864 856 ulteriores
1889 805 2129 854 tentant.
2213 795 2478 856 Inventis

484 889 777 948 nonnullis
804 889 1155 957 civitatibus,
1181 885 1561 963 jurejurando
1591 888 1740 944 inter
1765 906 1828 962 se
1869 887 2230 964 confirmant,
2261 885 2475 943 obsidi-

484 979 707 1056 busque
755 979 825 1034 de
876 979 1124 1054 pecunia
1170 987 1420 1034 cavent:
1484 977 1886 1052 Ambiorigem
1935 976 2043 1032 sibi
2089 975 2368 1032 societate
2417 983 2478 1032 et

486 1065 711 1124 foedere
740 1066 1080 1144 adjungunt.
1152 1065 1386 1132 Quibus
1407 1066 1580 1122 rebus
1607 1066 1868 1141 cognitis,
1887 1065 2122 1140 Caesar,
2151 1083 2336 1140 quum
2367 1083 2475 1121 un-

384 1165 457 1218 10
484 1157 657 1232 dique
702 1157 919 1212 bellum
962 1156 1154 1231 parari
1189 1154 1425 1222 videret,
1457 1154 1726 1223 Nervios,
1758 1153 2116 1223 Aduatucos,
2149 1153 2474 1229 Menapios,

485 1245 773 1320 adjunctis
800 1245 1175 1302 Cisrhenanis
1214 1244 1484 1301 omnibus
1513 1243 1842 1312 Germanis,
1872 1263 1998 1300 esse
2026 1244 2096 1300 in
2125 1244 2323 1312 armis,
2369 1243 2474 1300 Se-

484 1352 661 1390 nones
690 1333 760 1390 ad
790 1334 1136 1409 imperatum
1164 1351 1278 1390 non
1308 1333 1524 1401 venire,
1557 1342 1613 1388 et
1641 1351 1777 1390 cum
1805 1331 2160 1389 Carnutibus
2187 1333 2473 1390 finitimis-

484 1441 597 1500 que
626 1423 957 1480 civitatibus
998 1422 1239 1480 consilia
1282 1421 1734 1491 communicare,
1765 1441 1802 1478 a
1837 1421 2102 1478 Treviris
2143 1421 2475 1479 Germanos

484 1513 703 1569 crebris
746 1512 1129 1588 legationibus
1170 1511 1510 1582 sollicitari,
1497 1531 1509 1544 ·
1559 1512 1843 1568 maturius
1881 1510 1990 1567 sibi
2031 1509 2103 1568 de
2131 1511 2284 1568 bello
2313 1512 2472 1588 cogi-

386 1605 457 1658 15
483 1601 721 1658 tandum
751 1601 992 1676 putavit.

562 1690 666 1748 ΙΙΙ.
714 1688 913 1766 Itaque
942 1688 1196 1746 nondum
1224 1689 1415 1746 hieme
1437 1687 1719 1758 confecta,
1751 1689 2023 1764 proximis
2051 1707 2116 1746 Ν
2144 1673 2472 1765 legionibus

482 1781 716 1848 coactis,
745 1777 859 1835 de'
844 1797 1155 1854 unprovmo
1184 1779 1241 1835 in
1272 1779 1420 1836 fines
1447 1777 1804 1837 Nerviorum
1833 1778 2163 1850 contendit3
2209 1789 2284 1845 et,
2303 1779 2472 1854 prius

482 1887 658 1943 quam
688 1868 773 1924 illi
802 1880 903 1924 aut
930 1868 1243 1924 convenire
1272 1877 1372 1924 aut
1403 1866 1708 1957 profugere
1737 1876 1980 1943 possent,
2011 1884 2222 1943 magno
2243 1869 2472 1944 pecoris

484 1966 655 2031 atque
686 1957 981 2014 hominum
1011 1975 1253 2014 numero
1280 1966 1465 2032 capt0,
1487 1968 1658 2032 atque
1688 1976 1759 2013 ea
1787 1956 2000 2058 praeda
2027 1957 2307 2014 militibus
2335 1976 2469 2014 con-

376 2053 457 2108 20
484 2065 665 2114 cessa,
707 2045 1059 2122 vastatisque
1106 2047 1279 2121 agris,
1310 2045 1372 2102 in
1413 2044 1756 2102 deditionem
1787 2046 1984 2102 venire
2029 2055 2200 2121 atque
2227 2047 2470 2104 obsides

480 2135 589 2193 sibi
618 2135 757 2193 dare
786 2137 991 2212 coegit.
1074 2134 1169 2193 Eo
1208 2111 1477 2193 celeriter
1505 2133 1767 2193 confecto
1805 2135 2048 2212 negotio,
2081 2154 2284 2193 rursus
2325 2136 2466 2213 legi-

480 2243 619 2281 ones
663 2226 723 2281 in
772 2224 1013 2281 hiberna
1055 2224 1300 2281 reduxit.
1383 2224 1644 2281 Concilio
1693 2224 1926 2281 Galliae
1969 2226 2152 2300 primo
2180 2244 2336 2294 vere,
2383 2227 2468 2283 uti

480 2315 827 2382 instituerat,
868 2314 1099 2381 indicte,
1128 2332 1309 2389 quum
1340 2313 1567 2389 reliqui,
1599 2324 1826 2389 praeter
1853 2314 2125 2382 Senones,
2155 2314 2466 2383 Carnutes,

482 2403 876 2478 Trevirosque
908 2404 1217 2471 venissent,
1262 2402 1491 2459 initium
1533 2402 1670 2458 belli
1714 2420 1785 2459 ac
1827 2400 2160 2459 desectionis
2203 2404 2310 2460 hoc
2339 2424 2469 2461 esse

374 2504 454 2557 25
482 2494 812 2561 arbitratuS,
858 2501 921 2548 ut
962 2492 1162 2548 omnia
1198 2501 1533 2567 postponere
1577 2490 1886 2559 videretur,
1933 2492 2242 2548 concilium
2289 2492 2467 2549 Lute-

478 2582 619 2639 tiam
670 2581 1027 2639 Parisiorum
1082 2579 1378 2637 transfert.
1463 2580 1732 2637 Confines
1787 2591 1950 2637 erant
2005 2580 2064 2637 hi
2119 2580 2468 2651 SenonibuS‚

476 2672 887 2747 civitatemque
938 2680 1167 2745 patrum
1216 2670 1494 2725 memoria
1541 2668 2006 2745 conjunxerant3
2079 2670 2179 2727 sed
2229 2672 2304 2727 ab
2357 2672 2470 2729 hoc

478 2760 725 2817 concilio
766 2757 1019 2818 abfuisse
1048 2758 1549 2815 existimabantur.
1635 2758 1768 2815 Hac
1800 2778 1861 2815 re
1891 2776 1992 2835 pro
2031 2769 2311 2837 suggestu
2342 2780 2466 2837 pro-

476 2850 774 2917 nunciata,
804 2847 1003 2905 eodem
1032 2848 1125 2903 die
1164 2867 1300 2905 cum
1331 2847 1656 2923 legionibus
1683 2848 1744 2903 in
1775 2848 2032 2905 Senones
2059 2849 2467 2923 proficiscitur,

376 2950 453 3017 30
480 2930 821 3015 magnisque
850 2937 1155 2993 itineribus
1184 2956 1251 2993 eo
1280 2938 1562 3011 pervenit.

558 3026 663 3084 IV.
710 3026 953 3101 Cognito
980 3025 1107 3099 ejus
1138 3025 1406 3096 adventu,
1439 3028 1622 3095 AccO‚
1655 3027 1756 3101 qui
1790 3006 2056 3103 princeps
2084 3028 2212 3103 ejus
2239 3030 2472 3087 consilfi

474 3115 683 3191 fuerat,
708 3116 873 3191 jubet
914 3115 975 3171 in
1016 3115 1221 3191 oppida
1256 3115 1682 3174 multitudinem
1711 3116 2060 3173 convenire:
2105 3118 2465 3189 conantibuS,

474 3206 639 3279 prius
692 3224 869 3281 quam
924 3204 982 3261 id
1036 3204 1187 3261 effici
1244 3214 1450 3281 posset,
1507 3204 1708 3261 adesse
1766 3186 2057 3263 Romanos
2111 3208 2465 3265 nunciatur:

476 3295 805 3351 necessario
848 3294 1131 3351 sententia
1174 3293 1472 3365 desistunt,
1515 3292 1849 3371 legatosque
1893 3293 2240 3369 deprecandi
2285 3314 2470 3354 causa

368 3396 451 3461 35
480 3381 550 3439 ad
578 3381 889 3439 Caesarem
920 3383 1184 3439 mittunt:
1216 3381 1430 3440 adeunt
1459 3400 1562 3457 per
1591 3378 1848 3451 AeduOS,
1873 3402 2120 3459 quorum
2149 3385 2468 3459 antiquitus
2541 3448 2548 3451 ,

478 3478 602 3527 erat
644 3470 701 3525 in
744 3468 855 3527 fide
898 3470 1121 3527 civitam
1206 3470 1483 3527 Libenter
1519 3470 1738 3529 Caesar
1764 3472 2086 3546 petentibus
2115 3472 2342 3530 Aeduis
2369 3474 2468 3532 dat

479 3558 725 3623 veniam,
776 3558 1321 3636 excusationemque
1377 3560 1627 3634 accipit·
1611 3604 1628 3631 ,
1695 3560 1846 3635 quod
1904 3563 2187 3619 aestivum
2242 3573 2468 3639 tempus

480 3642 742 3696 instantis
772 3642 929 3708 belli,
972 3661 1084 3699 non
1126 3647 1478 3717 quaestionis
1506 3667 1632 3704 esse
1661 3649 2066 3706 arbitrabatur.
2151 3650 2467 3709 Obsidibus

474 3708 775 3810 ‘imperatis
814 3737 1066 3797 centum,
1110 3731 1213 3821 hos
1254 3732 1480 3813 Aeduis
1521 3737 1923 3795 custodiendos
1963 3738 2156 3817 tradit.
2207 3738 2464 3805 Eodem
