2709 4300
316 239 441 302 182
1027 247 1115 295 nn
1148 245 1360 296 13an
1391 247 1682 294 GALLIOO
2217 247 2354 301 [cn.
2371 254 2414 294 ο.

412 405 545 456 nus,
574 405 839 445 summae
868 387 1155 462 potentiae
1184 384 1538 455 adolescenS,
1571 383 1771 462 (cujus
1813 391 1980 460 pater
2021 385 2418 461 principatum

412 477 645 536 Galliae
690 479 865 535 totius
907 477 1250 546 obtinuerat,
1282 487 1339 534 et
1383 477 1458 533 ob
1497 495 1627 534 eam
1673 495 1932 548 causam,
1963 475 2116 550 quod
2165 494 2418 553 regnum

410 567 733 644 appetebat,
764 567 839 623 ab
866 567 1099 624 civitate
1128 576 1255 624 erat
1283 564 1678 643 interfectuS‚)
1703 567 2038 622 convocatis
2081 567 2204 622 suis
2230 566 2418 622 clien-

408 657 583 726 tibus,
630 655 805 713 facile
848 675 949 713 eos
994 655 1269 713 incendit.
1354 655 1605 734 Cognito
1647 655 1776 730 ejus
1819 656 2077 724 consilio,
2131 655 2206 712 ad
2251 673 2419 712 arma

320 743 387 806 ‘5
410 747 819 804 concurritur:
862 745 939 802 ab
978 744 1380 814 Gobanitione‚
1413 756 1622 821 patruo
1658 763 1781 814 sue,
1813 745 2172 820 reliquisque
2201 745 2418 820 prinei-

409 835 596 912 pibus,
626 836 727 910 qui
757 836 909 892 hanc
939 831 1271 892 tentandam
1301 833 1592 891 fortunam
1615 849 1728 892 non
1757 835 2186 902 existimabant,
2215 835 2420 910 expel-

408 923 551 982 litur
576 943 651 982 ex
676 923 883 1000 oppido
910 923 1242 1000 Gergovia:
1286 941 1401 979 non
1429 922 1646 981 destitit
1686 933 1900 992 tamen,
1933 933 2105 998 atque
2151 923 2212 978 in
2257 924 2422 1000 agris

408 1013 581 1072 habet
606 1013 885 1070 dilectum
916 1013 1213 1090 egentium
1242 1031 1313 1070 ac
1342 1011 1720 1088 perditorum.
1806 1011 1942 1068 Hac
1979 1021 2184 1069 coacta
2212 1031 2422 1082 manu,

408 1121 789 1178 quoscunque
834 1102 955 1159 adit
1000 1120 1073 1158 ex
1104 1103 1359 1171 civitate,
1393 1102 1464 1159 ad
1509 1119 1678 1159 suam
1721 1105 2065 1158 sententiam
2109 1101 2378 1177 perducit
2403 1121 2422 1159 τ

310 1197 387 1258 10
410 1193 690 1261 hortatur,
722 1201 786 1248 ut
813 1191 1139 1249 communis
1183 1191 1466 1249 libertatis
1507 1209 1689 1249 causa
1731 1209 1898 1248 arma
1938 1193 2208 1268 capiant:
2254 1211 2420 1268 mag-

408 1284 617 1359 nisque
644 1283 865 1340 coactis
904 1283 1104 1358 copiis,
1136 1281 1498 1340 adversarios
1539 1301 1693 1351 su08‚
1732 1303 1768 1340 a
1807 1283 2022 1357 quibus
2061 1283 2240 1358 paulo
2283 1294 2422 1340 ante

408 1382 537 1432 erat
578 1374 821 1448 ejectus,
850 1372 1088 1448 expellit
1128 1391 1203 1430 ex
1244 1373 1502 1429 civitate.
1591 1371 1719 1428 Rex
1767 1372 1840 1428 ab
1883 1373 2005 1429 suis
2051 1372 2417 1448 appellatur:

410 1461 643 1520 dimittit
682 1477 1119 1538 quoquoversus
1160 1461 1514 1538 legationes:
1555 1463 1891 1530 obtestatur,
1923 1470 1988 1518 ut
2029 1462 2098 1540 in·
2133 1461 2250 1520 fide
2295 1481 2417 1520 ma-

411 1563 609 1611 neant.
692 1552 981 1610 Celeriter
1020 1551 1129 1610 sibi
1172 1549 1449 1621 Senones,
1481 1552 1749 1621 Parisios,
1782 1552 2065 1620 Pictones,
2095 1551 2418 1622 Cadurcos,

312 1647 389 1701 15
412 1641 699 1712 Turonoe,
747 1642 1055 1710 Aulercos,
1104 1640 1470 1711 Lemovices,
1515 1641 1734 1710 Andes,
1779 1642 2147 1718 reliquosque
2193 1661 2416 1713 omnes,

410 1734 516 1808 qui
540 1733 851 1792 Oceanum
876 1732 1183 1808 attingunt,
1214 1731 1510 1808 adjungit:
1551 1733 1810 1790 omnium
1855 1750 2142 1788 consensu
2173 1733 2246 1788 ad
2277 1752 2418 1790 eum

410 1820 674 1880 defertur
698 1822 1029 1898 imperium.
1114 1820 1253 1885 Qua
1294 1821 1487 1878 oblate
1530 1830 1824 1897 potestate,
1855 1821 2124 1878 omnibus
2153 1818 2244 1878 his
2275 1819 2418 1880 civi'-

410 1911 627 1968 tatibus
644 1909 869 1967 obsides
897 1911 1159 1985 imperat,
1188 1918 1418 1967 certum
1444 1927 1758 1966 numerum
1785 1911 2036 1968 militum
2065 1910 2139 1966 ad
2167 1931 2231 1967 se
2261 1912 2418 1968 cele-

412 1999 555 2056 riter
582 1998 792 2056 edduci
816 1999 1016 2073 jubet:
1062 2017 1356 2056 armorum
1386 2009 1670 2074 quantum
1698 2017 1970 2074 quaeque
1997 1999 2206 2056 civitas
2233 2001 2414 2070 domi,

306 2093 389 2148 20
412 2087 680 2164 quodque
727 2099 859 2144 ante
900 2099 1129 2165 ternpus
1174 2087 1407 2159 efficiat,
1440 2089 1773 2161 eonstituit;
1820 2091 1877 2146 in
1909 2090 2108 2167 primis
2129 2091 2418 2166 equitatui

412 2178 642 2237 studet:
710 2198 975 2236 summae
1031 2179 1366 2256 diligentiae
1421 2198 1714 2235 summam
1769 2180 1997 2255 imperii
2039 2182 2418 2239 severitatem

414 2268 609 2326 addit:
653 2268 1047 2344 magnitudine
1076 2268 1350 2345 supplicii
1393 2268 1724 2326 dubitantes
1765 2270 1960 2345 cogit3
2007 2288 2162 2339 nam,
2196 2257 2416 2346 majore

414 2359 719 2417 commisso
741 2357 968 2427 delicte,
990 2358 1112 2435 igni
1142 2368 1313 2433 atque
1334 2360 1602 2415 omnibus
1621 2360 1918 2416 tormentis
1939 2369 2112 2416 necat
2131 2380 2152 2431 ς
2197 2360 2420 2418 leviore

414 2447 485 2505 de
512 2466 715 2517 causa,
744 2440 985 2503 auribus
1011 2446 1276 2517 desectis,
1298 2457 1400 2503 aut
1428 2448 1674 2524 singulis
1703 2447 1924 2505 effossis
1952 2448 2158 2517 oeulis,
2179 2449 2418 2507 domum

310 2544 391 2598 25
416 2538 671 2606 remittit,
716 2547 781 2593 ut
824 2538 939 2593 sim
984 2536 1224 2611 reliquis
1264 2536 1626 2607 documento,
1657 2546 1714 2595 et
1753 2538 2150 2614 magnitudine
2195 2558 2419 2616 poenae

415 2636 773 2706 perterreant
802 2626 966 2683 alios.

495 2716 573 2773 V.
636 2716 748 2773 His
802 2716 1107 2792 suppliciis
1160 2717 1430 2774 celeriter
1477 2728 1682 2775 coacto
1733 2719 2016 2787 exercitu,
2065 2718 2420 2776 Lucterium

414 2808 767 2875 Cadurcum,
798 2826 1061 2865 summae
1102 2808 1391 2864 hominem
1421 2808 1720 2877 audaciae,
1753 2827 1888 2865 cum
1920 2818 2083 2884 parte
2112 2810 2421 2885 copiarum

415 2898 477 2955 in
524 2897 784 2956 Rutenos
833 2896 1001 2952 mittit
1026 2916 1040 2951 :
1112 2898 1232 2972 ipse
1276 2898 1335 2952 in
1387 2897 1684 2975 Bituriges
1740 2898 2148 2973 proficiscitur.
2263 2898 2421 2974 Ejus

314 2992 398 3048 30
418 2988 668 3047 adventu
698 2986 991 3061 Bituriges
1034 2985 1105 3041 ad
1138 2986 1396 3054 Aeduos,
1427 3004 1674 3061 quorum
1718 2996 1884 3043 erant
1927 2988 1989 3043 in
2031 2987 2163 3055 fide,
2195 2988 2422 3063 legatos

416 3080 649 3135 mittunt
676 3075 997 3134 subsidium
1042 3084 1326 3155 rogatum,
1367 3094 1482 3151 quo
1513 3074 1747 3132 facilius
1773 3077 2022 3133 hostium
2051 3077 2252 3153 copias
2289 3096 2418 3134 sus-

416 3168 601 3225 tinere
631 3168 865 3243 possint.
954 3164 1149 3225 Aedui
1176 3163 1247 3221 de
1275 3164 1516 3222 consilio
1544 3165 1888 3241 legatorum,
1919 3184 2063 3239 quos
2089 3166 2312 3223 Caesar
2342 3166 2419 3223 ad

418 3259 743 3318 exercitum
786 3258 1118 3333 reliquerat,
1148 3255 1345 3331 copies
1387 3256 1677 3330 equitatus
1719 3254 2120 3331 peditatusque
2160 3255 2422 3314 subsidio

420 3346 781 3424 Biturigibus
809 3350 1058 3406 mittunt.
1118 3346 1238 3411 Qui
1266 3364 1450 3421 quum
1481 3344 1552 3401 ad
1583 3345 1800 3401 flumen
1819 3344 2082 3421 Ligerim
2101 3346 2421 3416 venissent,

319 3442 395 3496 35
420 3438 571 3515 quod
620 3438 915 3515 Bituriges
970 3438 1043 3494 ab
1087 3436 1314 3493 Aeduis
1359 3435 1576 3503 dividit,
1630 3454 1850 3510 paucos
1893 3434 2019 3491 dies·
2065 3435 2144 3491 ibi
2191 3436 2420 3506 morati,

420 3546 611 3605 neque
656 3529 873 3585 flumen
916 3527 1167 3584 transire
1214 3524 1361 3593 ausi,
1393 3524 1626 3581 domum
1671 3534 2060 3594 revertuntur,
2094 3523 2422 3601 legatisque

422 3620 631 3677 nostris
654 3618 1017 3684 renunciant,
1046 3616 1123 3672 Se
1152 3616 1488 3691 Biturigum
1517 3614 1819 3689 perfidiam
1849 3614 2058 3672 veritos
2088 3602 2420 3685 reticuisse,

424 3710 636 3782 quibus
662 3708 717 3763 id
750 3706 975 3763 consilii
1005 3704 1183 3761 fuisse
1210 3704 1606 3779 cognoverint,
1629 3712 1708 3771 ut,
1729 3704 1778 3759 si
1810 3704 2027 3761 flumen
2056 3705 2423 3773 transissent,

427 3810 547 3850 una
570 3812 645 3850 ex
674 3804 835 3867 parte
862 3794 990 3867 ipsi,
1010 3792 1195 3849 altera
1221 3792 1482 3884 'Arverni
1509 3811 1578 3849 se
1601 3792 2117 3851 circumsisterent.
2177 3792 2242 3853 Id
2269 3812 2426 3853 eane
