2709 4300
242 262 363 308 cst.
383 261 587 315 esua]
1035 263 1237 310 unna
1252 265 1584 312 esurimus,
2237 257 2356 316 169

244 399 567 457 exteriores
596 400 963 470 munitiones,
994 410 1051 458 et
1081 403 1153 459 ab
1180 412 1345 486 tergo
1383 405 1576 462 hostes
1617 401 1855 463 adoriri
1865 406 2051 510 lubet·
2139 405 2252 464 La-

244 489 477 559 bienuS,
511 499 815 567 postquam
834 509 1049 576 neque
1100 511 1347 570 aggeres
1395 513 1583 569 neque
1627 493 1812 553 fossae
1843 497 1960 553 vim
2005 497 2256 554 hostium

244 582 541 637 sustinere
572 589 852 658 poterant,
884 583 1103 640 coactis
1142 583 1690 661 undequadraginta
1731 587 2078 657 cohortibus,
2109 605 2256 662 quas

227 678 324 728 'ex
372 671 651 746 proximis
694 671 997 747 praesidiis
1045 672 1324 730 deductas
1375 672 1492 732 fors
1531 675 1752 746 obtulit,
1797 676 2112 734 Caesarem‘
2153 695 2258 753 per

248 761 499 816 nuncios
529 759 665 817 facit
694 761 1017 831 certiorem,
1048 762 1185 836 quid
1217 762 1550 821 faciendum
1581 767 1886 831 existimet.
2281 769 2320 824 5

331 847 733 908 LXXXVIII.
820 851 1136 909 Accelerat
1164 851 1401 936 Caesar,
1435 864 1497 911 ut
1527 856 1744 930 proelio
1773 857 2018 914 intersit.
2107 856 2258 932 Ejus

159 969 165 978 ·
250 939 509 996 adventu
558 959 630 996 ex
677 940 869 998 colore
912 941 1151 998 vestitus
1196 944 1442 1020 cognit0,
1476 943 1618 1022 (quo
1663 947 1877 1022 insigni
1919 947 1979 1002 in
2023 947 2258 1022 proeliis

250 1029 337 1086 uti
368 1040 749 1087 consueverat
754 1029 798 1108 ,)
829 1033 1151 1106 turmisque
1180 1035 1444 1107 equitum
1473 1044 1530 1092 et
1559 1035 1892 1092 cohortibus
1919 1037 2078 1106 visis,
2109 1054 2259 1111 quas

249 1138 315 1176 se
362 1120 528 1195 sequi
566 1111 841 1194 jusserat,
874 1129 937 1177 ut
981 1121 1051 1178 de
1097 1121 1240 1178 locis
1278 1124 1677 1199 superioribus
1719 1125 1865 1182 ha‘ec
1908 1124 2160 1182 declivia
2201 1133 2260 1182 et

248 1209 479 1266 devexa
507 1209 917 1279 cernebantur,
949 1211 1139 1267 hostes
1161 1213 1448 1286 proelium
1479 1215 1862 1271 committunt.
1950 1215 2258 1290 Utrimque
2286 1217 2362 1274 1⁰

248 1299 509 1356 clamore
540 1299 783 1369 sublate,
808 1300 1023 1375 excipit
1053 1319 1257 1358 rursus
1286 1321 1357 1358 ex
1385 1303 1542 1360 vallo
1571 1312 1743 1378 atque
1774 1304 2042 1360 omnibus
2060 1304 2257 1380 ‘muni-

248 1388 508 1444 tionibus
554 1386 819 1444 clamor.‘
882 1388 1103 1459 Nostri,
1134 1391 1362 1448 omissis
1407 1392 1557 1467 pilis,
1602 1392 1814 1468 gladiis
1857 1410 1978 1448 rem
2022 1403 2254 1469 gerunt.

251 1477 517 1554 Repente
563 1487 685 1554 post
724 1489 952 1555 tergum
997 1480 1288 1555 equitatus
1330 1481 1628 1537 cernitur:
1675 1481 1936 1538 cohortes
1965 1481 2117 1538 aliae
2162 1501 2257 1558 ap-

250 1568 641 1644 propinquant
665 1588 679 1623 :
710 1568 901 1626 hostes
930 1578 1096 1646 terga
1120 1579 1353 1626 vertunt
1377 1589 1391 1626 :
1425 1568 1784 1645 fugientibus
1809 1571 2032 1644 equites
2053 1589 2256 1627 occur-

252 1666 393 1714 rurrt
422 1677 435 1713 :
478 1657 541 1714 fit
570 1677 784 1734 magna
811 1659 1043 1716 caedes„
1129 1657 1424 1728 Sedulius,
1456 1658 1573 1715 dux
1605 1668 1662 1716 et
1690 1659 1961 1735 princeps
1990 1657 2256 1716 Lemovi-
2288 1665 2362 1722 15

250 1766 412 1816 cum,
437 1747 722 1806 occiditur
746 1768 760 1804 :
792 1747 1286 1826 Vergasillaunus
1310 1749 1624 1805 Arvernus
1647 1749 1817 1805 vivus
1847 1749 1906 1804 in
1937 1748 2078 1826 fuga
2107 1767 2259 1806 cotn-

250 1837 664 1914 prehenditur:
708 1839 878 1916 signa
908 1839 1183 1895 militaria
1212 1855 1400 1896 Lxxrv
1425 1837 1496 1894 ad
1525 1837 1840 1896 Caesarem
1885 1837 2256 1897 referuntur:

251 1929 431 2003 pauci
488 1947 559 1985 ex
614 1937 773 1985 tanto
828 1935 1071 1984 numero
1127 1947 1189 1984 se
1246 1928 1570 1985 incolumes
1605 1929 1664 1984 in
1707 1937 1900 1986 castra
1946 1929 2255 2004 recipiunt.

248 2017 585 2094 Conspicati
633 2037 707 2074 ex
750 2017 956 2093 oppido
1003 2015 1243 2074 caedem
1294 2027 1350 2074 et
1397 2014 1596 2094 fugam
1647 2036 1903 2090 suorum,
1955 2018 2260 2095 desperata

248 2107 462 2177 salute,
492 2107 687 2183 copias
717 2126 751 2165 a
781 2107 1193 2165 munitionibus
1229 2105 1536 2165 reducunt.
1622 2107 1718 2165 Fit
1745 2109 2020 2184 protinuS,
2052 2109 2163 2167 hac
2193 2127 2256 2167 re
2283 2109 2362 2167 20

250 2196 470 2266 audita,
500 2216 573 2255 ex
603 2198 810 2254 castris
834 2195 1140 2254 Gallorum
1163 2195 1322 2273 fuga.
1411 2197 1584 2263 Quod
1608 2198 1718 2255 nisi
1741 2200 1964 2257 crebris
1985 2199 2256 2257 subsidiis

250 2307 324 2345 ac
371 2288 543 2344 totius
582 2286 697 2343 diei
739 2286 936 2343 labore
980 2286 1191 2343 milites
1234 2285 1474 2345 fuissent
1516 2286 1745 2356 defessi,
1777 2306 1976 2344 omnes
2005 2288 2256 2344 hostium

248 2378 453 2453 copiae
502 2362 693 2433 deleri‘
726 2376 1061 2452 potuissent.
1147 2374 1237 2432 De
1284 2376 1475 2433 media
1516 2385 1684 2433 nocte
1725 2376 1936 2432 missus
1965 2376 2258 2449 equitatus

246 2467 629 2524 novissimum
676 2484 886 2542 agmen
928 2466 1339 2540 consequitur:
1403 2484 1652 2541 magnus
1697 2482 1980 2520 numerus
2025 2465 2257 2539 eapitur

247 2567 425 2632 atque
453 2555 831 2613 interficitur:
868 2554 1086 2630 ,reliqui
1115 2573 1187 2611 ex
1219 2553 1360 2631 fuga
1390 2555 1449 2610 in
1478 2554 1742 2610 civitates
1769 2552 2091 2609 discedunt.
2281 2557 2360 2611 25

332 2643 671 2703 LXXXIX.
757 2644 991 2702 Postero
1019 2643 1112 2700 die
1142 2642 1610 2718 Vercingetorix,
1641 2641 1890 2698 concilio
1917 2653 2251 2713 convocate,

248 2734 315 2793 Id
357 2754 421 2792 se
462 2734 681 2810 bellurn
723 2734 1047 2809 suscepisse
1087 2750 1197 2789 non
1239 2750 1481 2789 suarum
1510 2731 1940 2800 necessitatum,
1971 2730 2072 2787 sed
2101 2750 2252 2788 com-

246 2826 445 2881 munis
482 2824 765 2880 libertatis
804 2842 1003 2892 causa,
1034 2821 1425 2879 demonstrat:
1470 2828 1545 2889 et,
1573 2820 1846 2895 quoniam
1885 2820 1958 2877 sit
1989 2819 2254 2877 fortunae

244 2913 592 2983 cedendum,
622 2912 695 2969 ad
735 2922 1040 2989 utramque
1091 2930 1215 2969 rem
1260 2930 1322 2968 se
1370 2910 1486 2967 illis
1528 2908 1752 2979 offerre,
1783 2928 1888 2966 seu
1917 2919 2098 2966 morte
2147 2929 2257 2967 sua

247 3004 531 3061 Romanis
558 3000 913 3072 satisfacere,
938 3021 1044 3059 seu
1069 3002 1269 3058 vivum
1299 3000 1528 3057 tradere
1559 2998 1758 3057 velint.
1845 2998 2156 3056 Mittuntur
2183 2999 2252 3057 de
2281 3004 2358 3061 30

245 3092 339 3151 his
384 3092 561 3149 rebus
606 3091 678 3149 ad
718 3091 1033 3149 Caesarem
1077 3090 1272 3168 legati.
1356 3088 1390 3146 J
1397 3091 1532 3147 ubet
1573 3108 1737 3147 arma
1765 3088 1932 3158 tradi,
1964 3089 2254 3165 principes

244 3182 509 3261 produci.
595 3181 725 3259 Ipse
770 3182 829 3237 in
875 3180 1191 3237 munitione
1238 3199 1339 3256 pro
1388 3180 1596 3237 castris
1637 3178 1932 3236 consedit:
1977 3198 2045 3235 eo
2073 3177 2254 3235 duces
2329 3222 2332 3225 .

244 3271 649 3350 producuntur
673 3292 686 3327 :
718 3270 1167 3347 Vercingetorix
1192 3269 1438 3338 deditur,
1465 3287 1632 3325 arma·
1648 3266 2050 3343 projiciuntur.
2139 3264 2250 3323 Re-

242 3362 493 3421 servatis
516 3360 743 3418 Aeduis
766 3371 939 3435 atque
964 3360 1269 3429 Arvernis,
1294 3359 1343 3415 si
1367 3376 1471 3435 per
1493 3377 1591 3415 eos
1612 3357 1876 3414 civitates
1901 3374 2250 3431 recuperare

242 3462 452 3529 posset,
476 3470 549 3508 ex
572 3451 812 3526 reliquis
832 3450 1077 3526 captivis
1100 3458 1213 3505 toto
1235 3436 1498 3505 exercitu
1521 3446 1712 3523 capita
1740 3446 1975 3523 singula
1999 3445 2250 3521 praedae
2278 3450 2354 3505 35

240 3542 479 3599 nornine
510 3540 823 3598 distribuit.

326 3629 453 3689 XC.
536 3628 653 3688 His
683 3630 856 3687 rebus
884 3626 1181 3697 confectis,
1214 3628 1274 3683 in
1306 3626 1547 3684 Aeduos
1574 3624 1999 3701 proficiscitur3
2047 3622 2245 3679 civita-

239 3731 359 3779 tem
391 3720 615 3798 recipit.
704 3718 793 3777 Εο
821 3718 1000 3795 legati
1029 3718 1102 3775 ab
1134 3717 1422 3775 Arvernis
1451 3715 1628 3784 missi,
1654 3732 1805 3789 quae
1835 3714 2163 3789 imperaret,
2185 3732 2246 3770 se

242 3810 505 3869 facturos
532 3810 901 3887 pollicentur.
987 3808 1241 3885 Imperat
1284 3823 1563 3883 magnum
1605 3821 1914 3861 numerum
1957 3801 2239 3861 obsidum.

1214 3900 1287 3953 15
