2709 4300
207 325 330 371 cn.
354 328 427 378 ιιι
440 323 528 375 12]
997 319 1190 368 LIBER
1229 319 1559 374 QUARTUS.
2228 311 2313 370 78

209 461 406 520 oritur
431 479 504 518 ex
533 457 848 536 Lepontiis‚
877 459 980 535 qui
1024 458 1210 534 Alpes
1253 457 1531 528 incolunt,
1574 468 1632 516 et
1671 457 1841 535 longo
1882 457 2065 535 spatio
2106 475 2211 535 per
2299 455 2311 465 '

212 551 368 608 fines
395 549 456 607 N
461 549 804 620 aumatium,
839 549 1265 616 Helvetiorum,
1297 547 1717 622 Sequanorum,
1750 547 2207 606 Mediomatrico-

213 637 372 708 γαίη,
394 639 806 705 Tribucorum,
828 637 1212 695 Trevirorum
1235 637 1447 694 citatus
1475 635 1659 695 fertur
1678 656 1697 708 3
1742 646 1817 708 et,
1848 627 1951 694 ubi
1971 635 2211 695 Oceano

213 729 656 806 appropinquat,
687 728 747 784 in
777 725 978 802 plures
1021 725 1229 783 diffluit
1271 737 1480 801 partes,
1524 726 1723 784 multis
1760 726 2209 802 ingentibusque

214 817 430 874 insulis
457 815 698 885 effectis,
729 833 980 892 quarum
1022 833 1158 890 pars
1186 833 1399 890 magna
1442 833 1477 872 a
1522 813 1661 873 feris
1704 815 2080 891 barbarisque
2108 833 2207 874 na·
2231 822 2273 876 5

215 906 472 962 tionibus
487 905 777 974 incolitur,
797 923 869 961 ex
889 904 1100 980 quibus
1119 914 1271 974 sunt,
1286 905 1387 979 qui
1406 903 1661 980 piscibus
1678 915 1851 980 atque
1868 906 1993 962 ovis
2008 905 2209 962 avium

215 996 419 1052 vivere
447 994 853 1052 existimantur
875 1013 896 1065 3
939 992 1252 1068 multisque
1275 994 1559 1069 capitibus
1579 995 1641 1050 in
1662 992 1967 1052 Oceanum
1994 993 2205 1052 influit.

299 1083 408 1140 XI.
453 1083 672 1140 Caesar
699 1098 882 1157 quum
911 1082 986 1138 ab
1011 1082 1170 1138 hoste
1199 1101 1312 1140 non
1343 1083 1595 1158 amplius
1620 1101 1901 1159 passuum
1922 1101 2007 1140 111
2036 1082 2207 1140 milli-

215 1173 330 1234 bus
359 1171 602 1242 abesset,
635 1180 700 1228 ut
743 1181 869 1229 erat
895 1171 1286 1240 constitutum,
1317 1171 1389 1228 ad
1416 1190 1555 1228 eum
1597 1171 1773 1248 legati
1802 1182 2207 1230 revertuntur:

210 1263 340 1338 qui,
370 1263 430 1318 in
459 1262 666 1318 itinere
693 1261 1006 1336 congressi,
1036 1278 1405 1338 magnopere,
1436 1260 1533 1317 Ne
1574 1259 1805 1338 longius
1836 1261 2207 1337 progredere·
2238 1266 2313 1324 10
2405 1300 2410 1305 -

212 1364 334 1422 tur,
364 1351 626 1408 orabant.
709 1348 910 1417 Quum
955 1347 1014 1406 id
1055 1367 1168 1408 non
1213 1351 1633 1426 impetrassent,
1678 1349 1961 1424 petebant,
1993 1349 2093 1408 Uti
2135 1349 2211 1408 nd

211 1461 318 1498 eos
363 1441 606 1516 equites,
637 1440 738 1516 qui
779 1457 992 1514 agmen
1041 1440 1502 1508 antecessissent,
1550 1438 1952 1512 praemitteret,
1996 1456 2209 1514 eosque

213 1549 418 1606 pugna
463 1529 826 1606 prohiberet3
886 1529 1112 1604 sibique
1157 1528 1242 1584 uti
1287 1535 1621 1602 potestatem
1664 1525 1882 1583 faceret
1925 1528 1985 1584 in
2031 1527 2211 1585 Ubios

214 1620 444 1698 legatos
475 1617 768 1676 mittendi:
809 1635 1056 1693 quorum
1103 1617 1154 1672 si
1193 1615 1483 1692 principes
1524 1633 1595 1672 ac
1632 1623 1871 1682 senatus
1908 1615 2015 1672 sibi
2050 1617 2209 1692 jure-

209 1709 468 1784 jurando
495 1707 667 1764 fidem
687 1705 975 1779 fecissent,
995 1725 1066 1764 ea
1081 1705 1424 1774 conditione,
1442 1723 1595 1780 quae
1612 1724 1648 1764 a
1668 1703 1921 1764 Caesare
1940 1703 2208 1776 ferretur,
2241 1712 2315 1768 15

215 1817 283 1856 se
332 1816 542 1855 usuros
581 1795 992 1854 ostendebant:
1037 1795 1108 1852 ad
1155 1795 1262 1852 has
1311 1813 1407 1854 res
1450 1793 1839 1854 conficiendas
1884 1795 1995 1852 sibi
2035 1794 2211 1854 tridui
2307 1787 2314 1792 ’

213 1887 474 1964 spatium
515 1886 698 1944 daret.
783 1885 952 1942 Haec
1002 1886 1198 1944 omnia
1243 1883 1467 1942 Caesar
1518 1883 1721 1942 eodem
1776 1882 1875 1941 illo
1922 1885 2210 1960 pertinere

215 1977 628 2045 arbitrabatur,
660 1985 743 2046 ut,
785 1974 962 2033 tridui
1007 1992 1168 2032 mora
1213 1974 1563 2050 interposita,
1592 1974 1817 2050 equites
1860 1992 2077 2044 eorum,
2108 1975 2211 2050 qui

217 2067 508 2134 abessent,
558 2073 1020 2122 reverterentur:
1084 2072 1276 2120 tamen
1319 2082 1447 2120 sese
1492 2058 1606 2122 non
1662 2063 1895 2140 longius
1952 2065 2209 2123 millibus

217 2174 499 2233 passuum
525 2164 781 2231 quatuor·
801 2154 1122 2231 aquationis
1149 2172 1335 2211 causa
1360 2172 1769 2229 processurum
1810 2174 1877 2211 eo
1904 2154 1996 2211 die
2024 2155 2169 2214 dixit
2192 2176 2205 2211 ε
2230 2160 2313 2218 20

217 2248 340 2304 huc
371 2254 592 2321 postero
619 2244 710 2303 die
739 2262 916 2319 quam
947 2242 1394 2318 frequentissimi
1413 2244 1803 2313 convenirent,
1827 2253 1889 2301 ut
1906 2242 1976 2301 de
2006 2262 2209 2303 eorum

217 2335 525 2412 postulatis.
551 2343 942 2411 cognosceret.
1026 2331 1262 2390 Interim
1291 2331 1365 2388 ad
1394 2330 1729 2409 praefectos,
1758 2332 1859 2405 qui
1890 2350 2027 2388 cum
2054 2334 2211 2389 omni

217 2426 482 2499 equitatu
513 2432 958 2491 antecesserant,
989 2422 1175 2491 mittit,
1207 2422 1306 2497 qui
1337 2421 1699 2489 nunciarent,
1729 2438 1803 2475 ne
1832 2420 2022 2477 hostes
2050 2438 2209 2496 proc-

217 2514 300 2572 lio
339 2513 726 2570 lacesserent:
769 2521 843 2581 et,
874 2512 922 2568 si
969 2512 1076 2587 ipsi
1121 2512 1567 2579 lacesserentur,
1610 2506 1975 2577 sustinerent,
2022 2508 2210 2584 quoad

216 2606 344 2679 ipse
373 2621 508 2659 cum
539 2602 799 2662 exercitu
829 2602 1062 2678 propius
1092 2600 1452 2657 accessisset.
2232 2606 2315 2661 25

304 2690 436 2749 XII.
483 2692 566 2747 At
593 2692 800 2761 hostes,
833 2690 932 2745 ubi
961 2691 1214 2765 primum
1253 2698 1474 2745 nostros
1502 2689 1725 2762 equites
1766 2698 2208 2763 conspexerunt,

213 2799 470 2857 quorum
494 2790 622 2845 erat
647 2781 902 2857 quinque
944 2778 1194 2836 millium
1235 2794 1533 2845 numeru8‚
1578 2794 1759 2851 quum
1801 2776 1912 2851 ipsi
1950 2794 2063 2833 non
2090 2796 2209 2836 am-

217 2872 376 2947 plius
417 2888 555 2927 nccc
601 2870 824 2945 equites
852 2870 1148 2937 baberent,
1180 2865 1331 2943 quod
1370 2866 1432 2935 ii,
1460 2866 1561 2941 qui
1604 2863 1991 2923 frumentandi
2032 2884 2213 2923 causa

218 2962 410 3017 ierant
449 2969 612 3017 trans
643 2958 884 3027 Mosam,
915 2958 1170 3015 nondum
1203 2956 1507 3025 redierant,
1538 2955 1682 3015 nihil
1712 2956 2045 3027 timentibus
2084 2973 2211 3014 nos,-

219 3050 344 3118 triS,
389 3048 540 3124 quod
583 3048 761 3125 legati
803 3065 1004 3105 eorum
1045 3046 1220 3123 paulo
1263 3056 1397 3103 ante
1444 3066 1479 3103 a
1514 3044 1765 3105 Caesare
1810 3045 2209 3113 discesserant,
2239 3050 2317 3107 30

221 3149 396 3214 atque
425 3140 476 3195 is
517 3138 640 3195 dies
667 3137 920 3211 induciis
963 3147 1088 3195 erat
1117 3138 1190 3193 ab
1229 3137 1315 3193 eis
1353 3136 1581 3212 petituS,
1612 3136 1829 3210 impetu
1860 3133 2028 3202 facte,
2060 3133 2211 3192 cele-

221 3230 364 3287 riter
409 3238 631 3285 nostros
681 3226 1186 3303 perturbaverunt.
1273 3226 1505 3283 Rursus
1546 3223 1941 3283 resistentibus
1984 3222 2210 3290 nostris,

135 3310 150 3317 ’
219 3316 639 3375 consuetudine
683 3335 794 3373 sua
841 3316 912 3373 ad
957 3315 1134 3392 pedes
1177 3314 1555 3383 desiluerunt,
1602 3312 1975 3387 suffossisque
2024 3312 2211 3386 equis,

197 3406 734 3482 'compluribusque
774 3406 984 3463 nostris
1028 3404 1285 3479 dejectis,
1318 3404 1570 3478 reliquos
1610 3402 1670 3457 in
1716 3400 1921 3477 fugam
1950 3400 2212 3473 conjece-

223 3506 378 3565 runt,
407 3505 581 3571 atque
620 3496 700 3551 ita
727 3495 1055 3571 perterritos
1083 3503 1345 3570 egerunt,
1378 3503 1441 3551 ut
1472 3510 1585 3550 non
1615 3492 1777 3567 prius
1812 3487 1953 3565 fuga
1980 3488 2211 3547 desiste-
2240 3496 2317 3553 35

223 3596 370 3655 rent,
400 3603 577 3661 quam
617 3585 679 3641 in
722 3594 1098 3661 conspectum
1143 3584 1391 3659 agminis
1434 3581 1611 3638 nostri
1656 3580 1967 3637 venissent.
2050 3576 2120 3635 In
2146 3596 2215 3637 eo

223 3674 441 3752 proelio
482 3692 554 3733 ex
595 3673 886 3749 equitibus
917 3674 1126 3731 nostris
1168 3672 1599 3729 interficiuntur
1624 3678 1873 3743 quatuor
1900 3677 1957 3725 et
1984 3673 2210 3739 septus-

223 3766 428 3843 ginta3
495 3764 554 3819 in
603 3762 694 3819 his
738 3763 830 3821 vir
874 3760 1216 3819 fortissimus
1258 3760 1407 3829 Piso,
1458 3758 1809 3837 Aquitanus,
1858 3752 2211 3829 amplissimo

223 3872 440 3933 genere
469 3863 658 3922 natus,
691 3850 862 3927 cujus
892 3870 1037 3914 avus
1067 3852 1126 3912 in
1155 3851 1387 3907 civitate
1430 3867 1539 3913 sua
1579 3864 1821 3927 regnum
1864 3842 2207 3911 obtinuerat,
