2709 4300
285 306 405 354 cu.
422 304 597 357 svn]
1116 302 1317 352 mann
1351 301 1613 350 snx'rus.
2261 293 2388 354 12oe

372 439 683 502 XXXVII.
729 438 861 498 Hoc
914 441 1037 516 ipso
1088 447 1343 515 tempore
1397 450 1456 498 et
1507 458 1652 499 casu
1709 438 1990 498 Germani
2051 439 2284 515 equite·

284 531 703 598 interveniunt,
735 529 1115 604 protinusque
1142 529 1345 586 eodem
1385 529 1505 599 illo,
1533 547 1648 604 quo
1676 537 2180 602 veneralia-cursu
2197 528 2282 588 ab

284 620 623 680 decumana
642 627 807 695 porta
831 619 895 674 in
922 626 1117 675 castra
1144 618 1466 694 irrumpere
1483 626 1798 676 conantur:
1827 635 1938 676 nec
1965 618 2132 694 prius,
2145 627 2284 678 stmt

286 710 419 780 visi,
446 709 691 785 objectis
728 707 804 764 ab
840 725 917 764 ea
957 715 1121 782 parte
1160 705 1341 776 silvia,
1389 725 1568 782 quam
1611 707 1819 764 castris
1861 707 2280 785 appropinqua·

286 808 440 867 rent,
470 815 653 872 usque
694 815 781 866 ee,
814 805 895 864 ut,
922 795 1028 870 qui
1064 795 1174 852 sub
1202 794 1355 852 vallo
1392 795 1690 854 tenderent
1733 805 2098 865 mercatores,
2131 796 2278 854 reci-
2301 801 2346 858 8

286 886 483 962 piendi
526 886 619 944 sui
664 883 1001 942 facultatem
1044 901 1157 940 non
1201 883 1499 942 haberent.
1583 883 1950 960 Inopinantes
1991 885 2174 942 nostri
2213 903 2280 942 re

284 992 441 1034 nova
466 974 893 1052 perturbantur,
914 991 985 1031 ac
1012 973 1109 1030 vix
1138 973 1388 1048 primum
1415 973 1693 1048 impetum
1717 974 1924 1032 cohors
1949 973 2012 1031 in
2035 974 2281 1032 statione

284 1065 551 1122 sustinet.
632 1061 1199 1120 Circumfunduntur
1244 1080 1319 1120 ex
1375 1061 1620 1138 reliquis
1665 1063 1856 1120 hostes
1904 1063 2180 1138 partibus,
2225 1063 2280 1120 si

282 1159 463 1229 qssuem
494 1152 712 1210 aditum
740 1151 997 1228 reperire
1038 1161 1285 1226 possent.
1371 1151 1570 1227 Aegre
1599 1153 1776 1209 nostri
1806 1161 1997 1227 portas
2021 1161 2276 1231 tuentur,

284 1242 541 1318 reliquos
570 1239 759 1298 aditus
788 1240 957 1296 loeus
984 1241 1107 1315 ipae
1137 1257 1241 1314 per
1274 1258 1339 1296 se
1369 1239 1726 1315 munitioque
1753 1237 2028 1300 defendit.
2113 1240 2280 1300 Totis
2305 1239 2384 1302 10

284 1330 609 1407 trepidatur
634 1329 860 1398 castris,
889 1338 1063 1402 atque
1090 1328 1245 1384 alius
1272 1346 1345 1384 ex
1375 1328 1490 1386 alio
1517 1347 1760 1386 causam
1789 1329 2076 1387 tumultus
2099 1349 2280 1406 quae-

284 1421 401 1478 rit:
442 1437 633 1494 neque
674 1435 791 1492 quo
832 1417 999 1506 signa
1042 1416 1321 1485 ferantur,
1350 1435 1542 1492 neque
1581 1435 1760 1493 quam
1787 1419 1848 1473 in
1873 1427 2096 1494 partem
2123 1420 2278 1494 quis-

280 1527 403 1584 que
430 1507 753 1576 conveniat,
785 1505 1107 1582 provident.
1192 1505 1372 1562 Alius
1417 1514 1590 1581 capta
1629 1505 1752 1579 jam
1793 1519 1988 1564 castra
2030 1523 2276 1582 pronun-

282 1599 443 1670 ciat3
488 1596 657 1666 alius,
686 1594 873 1654 deleto
898 1595 1159 1652 exercitu
1190 1603 1364 1669 atque
1395 1594 1761 1669 imperatore,
1787 1595 2034 1652 victores
2077 1595 2278 1652 barba-

286 1703 385 1744 ros
412 1687 639 1744 venisse
682 1683 1009 1744 contendit:
1052 1683 1315 1760 plerique
1356 1700 1538 1740 novas
1574 1682 1686 1739 sibi
1711 1702 1788 1740 ex
1815 1683 1942 1740 loeo
1969 1683 2280 1761 religiones
2306 1685 2382 1744 u

286 1775 559 1852 fingunt3
616 1773 933 1848 Cottaeque
980 1784 1040 1830 et
1086 1771 1305 1830 Titurii
1359 1771 1770 1841 calamitatem,
1819 1773 1920 1846 qui
1967 1773 2028 1830 in
2075 1773 2278 1832 endem

282 1864 607 1924 occiderint
632 1862 889 1931 castello,
915 1871 1047 1920 aute
1070 1860 1273 1918 oculos
1300 1871 1538 1936 ponunt.
1624 1860 1760 1920 Tali
1787 1862 1992 1920 timore
2011 1862 2280 1920 omnibu-

284 1953 625 2031 perterritis,
674 1951 1053 2009 confirmatur
1096 1950 1289 2025 opinio
1336 1950 1618 2019 barbaris,
1666 1960 1730 2008 ut
1773 1969 1852 2008 ex
1893 1951 2128 2026 captivo
2171 1969 2276 2014 au-

282 2042 531 2111 dierant,
560 2039 791 2099 nullum
830 2058 958 2096 ease
998 2039 1155 2095 intus
1202 2038 1572 2114 praesidium.
1653 2038 2036 2117 Perrumpere
2083 2041 2274 2100 nitun-

283 2141 403 2201 tur,
432 2150 611 2207 seque
640 2129 749 2207 ipsi
778 2129 1175 2197 adhortantur,
1206 2146 1280 2186 ne
1308 2135 1526 2187 tantam
1562 2127 1852 2189 fortunam
1890 2148 1962 2189 ex
2007 2131 2278 2191 manibus
2299 2129 2384 2189 ss

282 2218 595 2279 dimittant.

370 2306 705 2367 XXXVIII.
751 2307 896 2376 Erat
951 2324 1126 2384 aeger
1178 2307 1240 2363 in
1274 2308 1580 2383 praesidio
1631 2308 1870 2367 relictus
1925 2308 1992 2365 Ρ.
2041 2309 2280 2367 Sextius

286 2396 569 2467 Baculus,
586 2398 689 2473 qui
714 2397 965 2472 primum
995 2396 1179 2471 pilum
1206 2396 1279 2453 ad
1300 2396 1616 2455 Caesarem
1639 2396 1904 2466 duxerat,
1925 2397 2100 2471 cujus
2115 2414 2276 2455 men-

282 2487 503 2543 tionem
544 2485 937 2561 superioribus
980 2485 1215 2561 proeliis
1258 2484 1524 2555 fecimus,
1555 2504 1626 2543 ac
1667 2485 1825 2543 diem.
1859 2484 1984 2560 jam
2011 2486 2278 2559 quintum

282 2575 421 2635 cibo
448 2582 740 2633 caruerat.
826 2572 961 2643 Hic,
990 2572 1213 2631 diffisus
1244 2592 1388 2633 suae
1411 2584 1590 2649 atque
1617 2575 1876 2631 omnium
1901 2573 2098 2643 saluti,
2125 2575 2278 2631 iner-
2301 2577 2388 2640 πᾶ

284 2665 401 2723 mis
426 2682 503 2721 ex
536 2663 913 2721 tabernaculo
956 2663 1177 2739 prodit:
1220 2662 1378 2720 videt
1421 2662 1722 2721 imminere
1746 2662 1974 2731 hostesn,
2005 2672 2178 2738 atque
2215 2664 2280 2721 in

284 2771 517 2812 summo
542 2770 669 2810 esoe
698 2770 821 2809 rem
848 2750 1181 2811 discrimine
1206 2772 1221 2808 ε
1262 2752 1420 2826 capit
1447 2769 1612 2807 arma
1639 2770 1676 2807 a
1703 2752 1996 2827 proximis,
2017 2760 2190 2827 atque
2215 2753 2286 2809 in.

286 2851 455 2919 porta
474 2842 749 2899 condatit.
832 2840 1279 2916 consequuntur
1300 2840 1460 2897 hunc
1479 2841 1846 2897 centuriones
1864 2840 1992 2914 ejus
2012 2841 2278 2910 cohortiS,

280 2949 441 3006 quae
488 2931 549 2989 in
596 2930 839 2987 statione
894 2938 1057 2987 erat:
1112 2928 1409 3005 pauiisper
1465 2946 1582 2986 una
1637 2928 1924 3005 proelium
1974 2930 2280 2987 sustinent.

288 3019 591 3095 Relinquit
646 3019 877 3077 animus
932 3018 1217 3086 Sextium,
1266 3016 1550 3097 gravibus
1599 3018 1853 3093 acceptis
1903 3016 2242 3075 vulneribus
2259 3036 2282 3074 z
2305 3022 2392 3084 Ι·

284 3126 486 3184 aegre,
515 3126 619 3185 per
644 3125 855 3165 manus
880 3116 1119 3177 tractus,
1148 3116 1436 3165 servatur.
1521 3106 1654 3165 Hoc
1701 3107 1886 3183 spatio
1931 3106 2283 3182 interposito,

286 3197 497 3272 reliqui
525 3215 651 3255 sese
678 3196 1024 3255 confirmant
1050 3206 1295 3265 tantum,
1326 3206 1392 3253 ut
1417 3197 1480 3253 in
1509 3196 1924 3253 munitionibus
1959 3195 2282 3255 consister-e

286 3285 559 3353 audeant,
586 3285 961 3361 speciemque
988 3283 1360 3343 defensorum
1392 3284 1726 3359 praebeant.
1811 3326 1821 3333 .

373 3373 651 3433 XXXIX.
696 3372 937 3431 Interim
990 3372 1255 3432 confecta
1308 3372 1774 3443 frumentatione,
1829 3371 2043 3429 milites
2101 3372 2284 3429 nostri

286 3462 609 3521 clamorem
634 3461 985 3519 exaudiunt:
1030 3471 1420 3537 praecurrunt
1459 3463 1702 3537 equites,
1731 3470 1946 3535 quanto
1973 3480 2070 3519 res
2109 3461 2184 3518 sit
2219 3461 2282 3517 in
2309 3462 2390 3527 Ν

290 3550 570 3629 periculo,
626 3560 1003 3626 cognoscunt.
1087 3550 1205 3608 Hic
1258 3568 1400 3607 vero
1453 3550 1620 3607 nulla
1673 3550 1916 3607 munitio
1968 3560 2072 3618 est,
2129 3566 2282 3623 quae

291 3640 623 3717 perterritos
672 3638 947 3715 recipiat:
1002 3638 1169 3697 modo
1222 3639 1554 3714 conscripti,
1603 3648 1776 3714 atque
1827 3656 1970 3696 usus
2014 3636 2286 3701 militaria

290 3729 561 3805 imperiti,
580 3727 653 3786 ad
680 3726 978 3785 tribunum
1006 3728 1257 3787 militum
1284 3728 1768 3803 centurionesque
1785 3746 1888 3785 ora
1907 3734 2248 3785 convertunt
2261 3744 2282 3783 x

287 3816 433 3895 quid
461 3817 535 3875 ab
562 3817 653 3875 his
698 3816 1105 3893 praecipiatur,
1134 3816 1488 3893 exspectant.
1573 3816 1766 3875 Nemo
1807 3826 1898 3877 est
1939 3826 2058 3875 tam
2099 3814 2286 3886 Mu,
