2709 4300
451 289 538 348 84
1160 295 1248 342 DE:
1287 293 1497 341 BELLO
1534 291 1818 340 GALLIOC
2302 293 2451 348 [Cu.
2474 299 2547 343 43.

551 431 628 503 id,
657 431 808 511 quod
849 441 1020 490 antea
1060 433 1272 507 petenti
1315 431 1673 508 denegasset,
1720 430 1873 490 ultro
1917 427 2323 504 polliceretur3
2370 449 2548 507 mag-

549 539 802 598 namque
831 523 890 578 in
917 539 1080 598 spem
1107 521 1393 590 veniebat,
1424 538 1527 596 pro
1563 521 1689 578 suis
1728 520 1903 577 tantis
1930 519 2249 594 Populique
2280 519 2547 577 Romani

549 611 611 668 in
639 629 775 668 eum
803 609 1118 680 benefieiis,
1147 609 1393 686 cognitis
1418 609 1542 666 suis
1584 609 1900 684 postulatis,
1932 606 2066 677 fore,
2098 609 2181 664 uti
2209 610 2547 684 pertinacia

549 699 867 760 desisteret.
951 698 1094 757 Dies
1147 699 1435 774 colloquio
1486 698 1675 756 dictus
1730 707 1833 766 est,
1880 715 1957 754 ex
2000 715 2069 754 eo
2122 696 2217 754 die
2264 699 2539 773 quintus.

487 793 526 848 5
551 787 806 858 Interim,
835 807 1018 865 quum
1045 807 1214 864 saepe
1243 787 1397 845 ultro
1422 788 1683 863 citroque
1710 786 1888 863 legati
1916 787 2067 842 inter
2092 803 2193 842 eos
2234 787 2541 844 mitteren-

549 886 664 947 tur,
695 879 1028 936 Ariovistus
1053 877 1383 952 postulavit,
1412 875 1511 934 Ne
1552 895 1725 950 quem
1768 875 2017 950 peditem
2058 873 2130 930 ad
2170 875 2541 951 colloquium

549 965 770 1024 Caesar
795 966 1140 1024 adduceret:
1184 967 1379 1024 vereri
1406 983 1487 1034 se,
1526 983 1602 1022 ne
1640 981 1745 1042 per
1780 963 2020 1021 iusidias
2058 965 2131 1021 ab
2166 983 2235 1021 eo
2276 967 2539 1023 circum-

549 1055 878 1115 veniretur:
921 1065 1164 1130 uterque
1181 1073 1319 1112 cum
1345 1056 1607 1130 equitatu
1632 1053 1887 1111 veniret:
1930 1053 2049 1110 alia
2078 1053 2300 1111 ratione
2326 1073 2397 1112 se
2420 1073 2539 1112 non

549 1161 676 1200 esse
706 1153 1036 1200 venturum.
1119 1143 1354 1212 Caesar,
1384 1143 1536 1218 quod
1562 1161 1753 1218 neque
1794 1141 2165 1217 colloquium,
2195 1143 2541 1220 interposita

447 1235 522 1292 1⁰
549 1251 748 1302 causa,
777 1231 900 1290 tolli
928 1231 1174 1301 volebat,
1203 1248 1395 1307 neque
1434 1231 1684 1290 salutem
1722 1249 1891 1288 suam
1932 1229 2239 1288 Gallorum
2266 1233 2537 1308 equitatu

549 1322 906 1380 committere
951 1321 1214 1390 audebat,
1261 1320 1788 1380 commodissimum
1830 1338 1959 1377 esse
2002 1320 2219 1390 statuit,
2258 1323 2537 1379 omnibus

547 1411 714 1486 equis
743 1410 932 1467 Gallis
959 1409 1250 1484 equitibus
1277 1409 1569 1479 detractis,
1590 1427 1658 1466 eo
1674 1408 2022 1486 legionarios
2042 1409 2257 1466 milites
2282 1409 2537 1488 legionis

545 1501 825 1568 decimae,
857 1499 954 1556 cui
981 1516 1158 1574 quam
1201 1497 1453 1555 maxime
1494 1497 1831 1566 confidebat,
1862 1497 2173 1573 imponere,
2206 1507 2280 1554 ut·
2310 1501 2532 1574 praesi-

547 1587 708 1646 dium
734 1605 910 1663 quam
953 1586 1385 1654 amicissimum,
1414 1587 1463 1642 si
1504 1586 1643 1661 quid
1687 1603 1831 1662 opus
1876 1583 2027 1642 facto
2066 1595 2235 1655 esset,
2264 1587 2527 1646 haberet.

449 1681 522 1738 15
546 1675 715 1741 Quod
733 1693 915 1751 quum
933 1675 1112 1745 fieret,
1133 1693 1244 1732 non
1273 1675 1567 1732 irridicule
1594 1675 1829 1750 quidam
1858 1693 1929 1732 ex
1960 1674 2239 1732 militibus
2264 1675 2530 1734 decimae

547 1764 790 1840 legionis
805 1763 979 1820 dixit:
1023 1763 1180 1832 Plus,
1199 1781 1375 1838 quam
1394 1763 1683 1839 pollicitus
1698 1773 1865 1832 esset,
1884 1761 2197 1820 Caesarem
2218 1764 2273 1820 ei
2292 1762 2523 1837 facere;

546 1851 883 1928 pollicitum,
911 1871 974 1909 se
1001 1853 1062 1910 in
1105 1852 1354 1909 cohortis
1398 1853 1715 1928 praetoriae
1756 1852 1882 1909 loco
1922 1851 2213 1909 decimam
2238 1852 2525 1929 legionem

546 1940 914 2011 habiturum3
959 1958 1134 2010 nunc,
1167 1940 1238 1997 ad
1265 1959 1483 2016 equum
1510 1941 1849 1998 rescribere.

583 2026 844 2085 ›XLIIL
889 2027 1165 2086 Planities
1209 2040 1334 2086 erat
1378 2047 1608 2105 magna,
1650 2039 1709 2086 et
1752 2029 1811 2086 in
1838 2046 1913 2087 ea
1952 2025 2215 2104 tumulus
2256 2039 2523 2090 terrenus

439 2123 520 2178 20
543 2117 684 2174 satis
708 2115 962 2193 grandis.
1021 2115 1140 2175 Hic
1169 2117 1333 2176 locus
1360 2137 1545 2194 aequo
1572 2116 1695 2176 fere
1722 2119 1905 2195 spatio
1934 2117 2007 2175 ab
2034 2120 2241 2181 castris
2262 2121 2519 2197 utrisque

546 2206 762 2264 aberat.
845 2206 952 2277 Ee,
983 2216 1048 2263 ut
1087 2216 1214 2265 erat
1251 2207 1491 2277 dictum,
1522 2207 1591 2265 ad
1634 2207 1990 2283 colloquium
2020 2217 2323 2266 venerunt.
2406 2209 2517 2267 Le-

544 2296 772 2372 gionem
799 2294 1038 2365 Caesar,
1067 2314 1246 2371 quam
1287 2297 1455 2371 equis
1492 2296 1819 2364 devexerat,
1850 2297 2115 2371 passibus
2153 2296 2420 2355 ducentis
2448 2299 2519 2354 ab

543 2403 612 2441 eo
650 2384 874 2442 tumulo
917 2384 1229 2443 constituit.
1315 2383 1462 2443 Item
1488 2385 1715 2458 equites
1743 2385 2023 2443 Ariovisti
2064 2386 2189 2461 pari
2215 2386 2517 2445 intervallo

542 2475 935 2530 constiterunt.
1040 2474 1391 2542 AriovistuS,
1446 2490 1521 2531 ex
1576 2474 1741 2547 equis
1798 2482 1859 2529 ut
1911 2474 2395 2548 colloquerentur,
2440 2485 2512 2543 et,

437 2570 516 2625 25
545 2570 770 2635 praeter
810 2580 890 2631 se,
933 2561 1109 2618 denos
1147 2570 1210 2618 ut
1255 2560 1330 2618 ad
1378 2561 1729 2637 colloquium
1778 2561 2145 2631 adducerent,
2190 2564 2509 2638 postulavit.

543 2648 658 2707 Ubi
685 2668 754 2707 eo
781 2660 1016 2708 ventum
1045 2661 1149 2719 est,
1178 2640 1415 2720 Caesar,
1438 2652 1598 2707 initio
1624 2652 1912 2720 orationis,
1934 2670 2043 2707 sua
2070 2652 2428 2726 Senatusque
2454 2653 2512 2709 in

540 2756 678 2793 eum
706 2738 988 2796 beneficia
1031 2740 1503 2810 commemoravit
1528 2758 1546 2811 3
1590 2738 1763 2803 Quod
1793 2758 1897 2797 rex
1942 2740 2265 2815 appellatus
2290 2750 2439 2799 esset
2476 2761 2512 2797 a

541 2818 779 2895 Senatu,
809 2827 960 2901 quod
989 2829 1230 2897 amicus,
1249 2828 1402 2903 quod
1430 2846 1675 2885 munera
1702 2828 2057 2904 amplissima
2084 2830 2297 2900 missa3
2342 2848 2509 2905 quam

543 2932 666 2971 rem
695 2924 752 2971 et
780 2916 982 2989 paucis
1011 2918 1337 2992 contigisse,
1368 2927 1426 2974 et
1449 2936 1551 2993 pro
1580 2918 1805 2993 magnis
1832 2918 2127 2973 hominum
2152 2917 2355 2975 officiis
2382 2906 2507 2975 coii-

439 3014 516 3070 30
541 3013 738 3061 suessa
793 3003 970 3059 tribui
1017 3002 1290 3061 docebat:
1349 3005 1537 3075 illum,
1586 3024 1769 3079 quum
1824 3024 2013 3080 neque
2060 3006 2281 3063 aditum
2330 3026 2507 3083 neque

541 3108 783 3149 causam
822 3091 1146 3167 postulandi
1184 3092 1401 3168 justam
1443 3095 1697 3163 haberet,
1736 3095 2015 3151 beneficio
2058 3114 2129 3152 ac
2174 3096 2506 3155 liberalitate

541 3200 648 3238 sua
697 3200 768 3238 ac
811 3180 1060 3239 Senatus
1101 3200 1174 3238 ea
1221 3182 1479 3257 praemia
1532 3193 1928 3242 consecutum.
2012 3182 2272 3241 Docebat
2324 3186 2503 3253 etiam,

541 3269 738 3334 Quam
786 3277 1011 3328 veteres
1053 3289 1344 3347 quamque
1387 3270 1578 3345 justae
1620 3289 1835 3329 causae
1890 3271 2329 3329 necessitudinis
2378 3274 2505 3347 ipsis

541 3375 678 3413 cum
708 3357 932 3416 Aeduis
973 3358 1433 3431 intercederent3
1480 3378 1629 3433 quae
1658 3360 1909 3417 Senatus
1952 3360 2231 3430 consulta,
2274 3362 2499 3436 quoties,

439 3458 515 3513 35
541 3463 830 3520 quamque
878 3448 1192 3527 honorifica
1234 3449 1296 3504 in
1341 3466 1439 3504 eos
1486 3446 1640 3505 facta
1684 3457 1907 3505 essent:
1952 3458 2016 3505 ut
2062 3450 2217 3506 omni
2262 3459 2501 3525 tempore

539 3534 710 3591 totius
727 3533 960 3593 Galliae
989 3537 1375 3612 principatum
1393 3535 1587 3593 Aedui
1608 3538 1943 3605 tenuissent,
1962 3538 2123 3613 prius
2150 3538 2323 3596 etiam
2339 3556 2500 3614 quam

539 3630 788 3677 nostram
847 3624 1158 3680 amicitiam
1209 3626 1588 3700 appetissent:
1638 3624 1843 3700 Populi
1894 3626 2140 3684 Romani
2188 3627 2339 3686 hanc
2382 3646 2499 3683 esse

540 3708 1031 3777 consuetudinem,
1078 3720 1142 3765 ut
1185 3713 1372 3767 socios
1416 3722 1587 3786 atque
1632 3714 1848 3771 amicos
1886 3733 2001 3772 non
2030 3715 2195 3773 modo
2234 3716 2335 3773 sui.
2367 3715 2495 3775 nihil

541 3790 872 3866 deperdere,
901 3795 1001 3849 sed
1027 3796 1232 3869 gratia,
1275 3796 1569 3873 dignitate,
1601 3800 1813 3857 honore
1854 3804 2143 3861 auctiores
2170 3803 2311 3861 velit
2346 3822 2493 3861 em:
