<?xml version="1.0" encoding="UTF-8"?>
<!DOCTYPE html PUBLIC "-//W3C//DTD XHTML 1.0 Transitional//EN"
    "http://www.w3.org/TR/xhtml1/DTD/xhtml1-transitional.dtd">
<html xmlns="http://www.w3.org/1999/xhtml" xml:lang="en" lang="en">
 <head>
  <title>
</title>
<meta http-equiv="Content-Type" content="text/html;charset=utf-8" />
  <meta name='ocr-system' content='tesseract 3.04.00' />
  <meta name='ocr-capabilities' content='ocr_page ocr_carea ocr_par ocr_line ocrx_word'/>
</head>
<body>
  <div class='ocr_page' id='page_1' title='image "./cjuliuscaesarsc01spengoog_0141.png"; bbox 0 0 2709 4300; ppageno 0'>
   <div class='ocr_carea' id='block_1_1' title="bbox 314 277 2416 342">
    <p class='ocr_par' dir='ltr' id='par_1_1' title="bbox 314 277 2416 342">
     <span class='ocr_line' id='line_1_1' title="bbox 314 277 2416 342; baseline 0.006 -13"><span class='ocrx_word' id='word_1_1' title='bbox 314 283 433 334; x_wconf 68' lang='lat' dir='ltr'><strong>cu.</strong></span> <span class='ocrx_word' id='word_1_2' title='bbox 450 282 577 336; x_wconf 58' lang='grc'>9-4.)</span> <span class='ocrx_word' id='word_1_3' title='bbox 1092 283 1286 330; x_wconf 73' lang='lat' dir='ltr'><strong>usna</strong></span> <span class='ocrx_word' id='word_1_4' title='bbox 1318 281 1654 332; x_wconf 72' lang='lat' dir='ltr'><strong>smus,</strong></span> <span class='ocrx_word' id='word_1_5' title='bbox 2301 277 2416 342; x_wconf 75' lang='lat'><strong>181</strong></span> 
     </span>
    </p>
   </div>
   <div class='ocr_carea' id='block_1_2' title="bbox 284 421 2420 1756">
    <p class='ocr_par' dir='ltr' id='par_1_2' title="bbox 314 421 2420 1575">
     <span class='ocr_line' id='line_1_2' title="bbox 319 421 2322 500; baseline 0.002 -20"><span class='ocrx_word' id='word_1_6' title='bbox 319 421 651 492; x_wconf 87' lang='lat' dir='ltr'><strong>videbatur,</strong></span> <span class='ocrx_word' id='word_1_7' title='bbox 682 421 949 480; x_wconf 77' lang='lat' dir='ltr'><strong>Retineri</strong></span> <span class='ocrx_word' id='word_1_8' title='bbox 993 421 1215 481; x_wconf 85' lang='lat' dir='ltr'><strong>urbano</strong></span> <span class='ocrx_word' id='word_1_9' title='bbox 1254 431 1414 480; x_wconf 87' lang='lat' dir='ltr'><strong>motu</strong></span> <span class='ocrx_word' id='word_1_10' title='bbox 1455 422 1786 493; x_wconf 83' lang='lat' dir='ltr'><strong>Caesarem,</strong></span> <span class='ocrx_word' id='word_1_11' title='bbox 1815 441 2004 500; x_wconf 86' lang='lat' dir='ltr'><strong>neque</strong></span> <span class='ocrx_word' id='word_1_12' title='bbox 2049 424 2110 482; x_wconf 87' lang='lat' dir='ltr'><strong>in</strong></span> <span class='ocrx_word' id='word_1_13' title='bbox 2147 424 2322 486; x_wconf 74' lang='lat' dir='ltr'><strong>tantis</strong></span> 
     </span>
     <span class='ocr_line' id='line_1_3' title="bbox 316 511 2322 598; baseline 0.002 -30"><span class='ocrx_word' id='word_1_14' title='bbox 316 511 779 572; x_wconf 81' lang='lat' dir='ltr'><strong>dissensionibus</strong></span> <span class='ocrx_word' id='word_1_15' title='bbox 824 511 909 598; x_wconf 56' lang='lat' dir='ltr'><strong>Pd</strong></span> <span class='ocrx_word' id='word_1_16' title='bbox 964 512 1289 570; x_wconf 71' lang='lat' dir='ltr'><strong>exercitum</strong></span> <span class='ocrx_word' id='word_1_17' title='bbox 1343 513 1542 570; x_wconf 87' lang='lat' dir='ltr'><strong>venire</strong></span> <span class='ocrx_word' id='word_1_18' title='bbox 1601 530 1786 588; x_wconf 83' lang='lat' dir='ltr'><strong>posse.</strong></span> <span class='ocrx_word' id='word_1_19' title='bbox 1895 512 2032 572; x_wconf 87' lang='lat' dir='ltr'><strong>Hac</strong></span> <span class='ocrx_word' id='word_1_20' title='bbox 2085 513 2322 591; x_wconf 85' lang='lat' dir='ltr'><strong>impulsi</strong></span> 
     </span>
     <span class='ocr_line' id='line_1_4' title="bbox 314 601 2322 680; baseline 0.002 -20"><span class='ocrx_word' id='word_1_21' title='bbox 314 603 647 672; x_wconf 77' lang='lat' dir='ltr'><strong>occasione,</strong></span> <span class='ocrx_word' id='word_1_22' title='bbox 677 603 779 679; x_wconf 87' lang='lat' dir='ltr'><strong>qui</strong></span> <span class='ocrx_word' id='word_1_23' title='bbox 816 601 940 677; x_wconf 87' lang='lat' dir='ltr'><strong>jam</strong></span> <span class='ocrx_word' id='word_1_24' title='bbox 982 611 1117 659; x_wconf 87' lang='lat' dir='ltr'><strong>ante</strong></span> <span class='ocrx_word' id='word_1_25' title='bbox 1144 619 1209 658; x_wconf 85' lang='lat' dir='ltr'><strong>se</strong></span> <span class='ocrx_word' id='word_1_26' title='bbox 1238 601 1444 678; x_wconf 87' lang='lat' dir='ltr'><strong>Populi</strong></span> <span class='ocrx_word' id='word_1_27' title='bbox 1472 601 1722 661; x_wconf 86' lang='lat' dir='ltr'><strong>Romani</strong></span> <span class='ocrx_word' id='word_1_28' title='bbox 1749 603 1990 680; x_wconf 86' lang='lat' dir='ltr'><strong>imperio</strong></span> <span class='ocrx_word' id='word_1_29' title='bbox 2029 603 2322 679; x_wconf 76' lang='lat' dir='ltr'><strong>subjectos</strong></span> 
     </span>
     <span class='ocr_line' id='line_1_5' title="bbox 316 691 2320 768; baseline 0.002 -20"><span class='ocrx_word' id='word_1_30' title='bbox 316 691 599 762; x_wconf 79' lang='lat' dir='ltr'><strong>dolerent,</strong></span> <span class='ocrx_word' id='word_1_31' title='bbox 630 693 873 750; x_wconf 87' lang='lat' dir='ltr'><strong>liberius</strong></span> <span class='ocrx_word' id='word_1_32' title='bbox 898 702 1073 768; x_wconf 79' lang='lat' dir='ltr'><strong>atque</strong></span> <span class='ocrx_word' id='word_1_33' title='bbox 1104 691 1386 750; x_wconf 84' lang='lat' dir='ltr'><strong>audacius</strong></span> <span class='ocrx_word' id='word_1_34' title='bbox 1425 691 1498 750; x_wconf 88' lang='lat' dir='ltr'><strong>de</strong></span> <span class='ocrx_word' id='word_1_35' title='bbox 1540 691 1692 750; x_wconf 88' lang='lat' dir='ltr'><strong>bello</strong></span> <span class='ocrx_word' id='word_1_36' title='bbox 1729 693 1976 752; x_wconf 86' lang='lat' dir='ltr'><strong>consilia</strong></span> <span class='ocrx_word' id='word_1_37' title='bbox 2001 693 2148 750; x_wconf 87' lang='lat' dir='ltr'><strong>inire</strong></span> <span class='ocrx_word' id='word_1_38' title='bbox 2175 695 2320 752; x_wconf 86' lang='lat' dir='ltr'><strong>inei-</strong></span> 
     </span>
     <span class='ocr_line' id='line_1_6' title="bbox 316 780 2380 858; baseline 0.005 -20"><span class='ocrx_word' id='word_1_39' title='bbox 316 783 507 858; x_wconf 89' lang='lat' dir='ltr'><strong>piunt.</strong></span> <span class='ocrx_word' id='word_1_40' title='bbox 590 781 829 840; x_wconf 86' lang='lat' dir='ltr'><strong>Indictis</strong></span> <span class='ocrx_word' id='word_1_41' title='bbox 850 782 1001 839; x_wconf 87' lang='lat' dir='ltr'><strong>inter</strong></span> <span class='ocrx_word' id='word_1_42' title='bbox 1016 800 1081 838; x_wconf 87' lang='lat' dir='ltr'><strong>se</strong></span> <span class='ocrx_word' id='word_1_43' title='bbox 1102 781 1394 857; x_wconf 82' lang='lat' dir='ltr'><strong>principes</strong></span> <span class='ocrx_word' id='word_1_44' title='bbox 1413 780 1644 840; x_wconf 84' lang='lat' dir='ltr'><strong>Galliae</strong></span> <span class='ocrx_word' id='word_1_45' title='bbox 1665 782 1930 842; x_wconf 86' lang='lat' dir='ltr'><strong>conciliis</strong></span> <span class='ocrx_word' id='word_1_46' title='bbox 1957 782 2322 844; x_wconf 78' lang='lat' dir='ltr'><strong>silvestribus</strong></span> <span class='ocrx_word' id='word_1_47' title='bbox 2339 791 2380 848; x_wconf 63' lang='grc' dir='ltr'><strong>ὅ</strong></span> 
     </span>
     <span class='ocr_line' id='line_1_7' title="bbox 318 870 2322 947; baseline 0.001 -16"><span class='ocrx_word' id='word_1_48' title='bbox 318 889 391 931; x_wconf 79' lang='lat' dir='ltr'><strong>ac</strong></span> <span class='ocrx_word' id='word_1_49' title='bbox 421 872 657 930; x_wconf 88' lang='lat' dir='ltr'><strong>remotis</strong></span> <span class='ocrx_word' id='word_1_50' title='bbox 685 871 829 930; x_wconf 87' lang='lat' dir='ltr'><strong>locis</strong></span> <span class='ocrx_word' id='word_1_51' title='bbox 868 881 1197 947; x_wconf 85' lang='lat' dir='ltr'><strong>queruntur</strong></span> <span class='ocrx_word' id='word_1_52' title='bbox 1236 870 1307 928; x_wconf 91' lang='lat' dir='ltr'><strong>de</strong></span> <span class='ocrx_word' id='word_1_53' title='bbox 1352 871 1612 930; x_wconf 80' lang='lat' dir='ltr'><strong>Acconis</strong></span> <span class='ocrx_word' id='word_1_54' title='bbox 1650 881 1870 930; x_wconf 87' lang='lat' dir='ltr'><strong>morte:</strong></span> <span class='ocrx_word' id='word_1_55' title='bbox 1914 873 2074 932; x_wconf 88' lang='lat' dir='ltr'><strong>hunc</strong></span> <span class='ocrx_word' id='word_1_56' title='bbox 2113 891 2322 934; x_wconf 85' lang='lat' dir='ltr'><strong>casum</strong></span> 
     </span>
     <span class='ocr_line' id='line_1_8' title="bbox 317 960 2324 1037; baseline 0.003 -19"><span class='ocrx_word' id='word_1_57' title='bbox 317 960 390 1018; x_wconf 88' lang='lat' dir='ltr'><strong>ad</strong></span> <span class='ocrx_word' id='word_1_58' title='bbox 422 960 575 1036; x_wconf 58' lang='lat' dir='ltr'><strong>imos</strong></span> <span class='ocrx_word' id='word_1_59' title='bbox 604 961 867 1020; x_wconf 84' lang='lat' dir='ltr'><strong>recidere</strong></span> <span class='ocrx_word' id='word_1_60' title='bbox 895 979 1060 1037; x_wconf 85' lang='lat' dir='ltr'><strong>posse</strong></span> <span class='ocrx_word' id='word_1_61' title='bbox 1098 960 1528 1018; x_wconf 83' lang='lat' dir='ltr'><strong>demonstrant:</strong></span> <span class='ocrx_word' id='word_1_62' title='bbox 1571 962 1923 1020; x_wconf 78' lang='lat' dir='ltr'><strong>miserantur</strong></span> <span class='ocrx_word' id='word_1_63' title='bbox 1949 981 2324 1024; x_wconf 81' lang='lat' dir='ltr'><strong>communem</strong></span> 
     </span>
     <span class='ocr_line' id='line_1_9' title="bbox 319 1049 2322 1130; baseline 0.002 -23"><span class='ocrx_word' id='word_1_64' title='bbox 319 1049 555 1107; x_wconf 83' lang='lat' dir='ltr'><strong>Galliae</strong></span> <span class='ocrx_word' id='word_1_65' title='bbox 613 1049 935 1109; x_wconf 82' lang='lat' dir='ltr'><strong>fortunam:</strong></span> <span class='ocrx_word' id='word_1_66' title='bbox 1005 1050 1271 1108; x_wconf 87' lang='lat' dir='ltr'><strong>omnibus</strong></span> <span class='ocrx_word' id='word_1_67' title='bbox 1336 1049 1844 1127; x_wconf 76' lang='lat' dir='ltr'><strong>pollicitationibus</strong></span> <span class='ocrx_word' id='word_1_68' title='bbox 1907 1071 1978 1110; x_wconf 88' lang='lat' dir='ltr'><strong>ac</strong></span> <span class='ocrx_word' id='word_1_69' title='bbox 2045 1054 2322 1130; x_wconf 84' lang='lat' dir='ltr'><strong>praemiis</strong></span> 
     </span>
     <span class='ocr_line' id='line_1_10' title="bbox 316 1138 2322 1219; baseline 0.003 -24"><span class='ocrx_word' id='word_1_70' title='bbox 316 1138 657 1215; x_wconf 84' lang='lat' dir='ltr'><strong>deposcunt,</strong></span> <span class='ocrx_word' id='word_1_71' title='bbox 696 1140 797 1216; x_wconf 89' lang='lat' dir='ltr'><strong>qui</strong></span> <span class='ocrx_word' id='word_1_72' title='bbox 844 1138 982 1197; x_wconf 90' lang='lat' dir='ltr'><strong>belli</strong></span> <span class='ocrx_word' id='word_1_73' title='bbox 1029 1139 1259 1197; x_wconf 86' lang='lat' dir='ltr'><strong>initium</strong></span> <span class='ocrx_word' id='word_1_74' title='bbox 1304 1138 1542 1210; x_wconf 84' lang='lat' dir='ltr'><strong>faciant,</strong></span> <span class='ocrx_word' id='word_1_75' title='bbox 1581 1151 1638 1199; x_wconf 91' lang='lat' dir='ltr'><strong>et</strong></span> <span class='ocrx_word' id='word_1_76' title='bbox 1679 1143 1772 1198; x_wconf 88' lang='lat' dir='ltr'><strong>sui</strong></span> <span class='ocrx_word' id='word_1_77' title='bbox 1809 1142 2018 1218; x_wconf 85' lang='lat' dir='ltr'><strong>capitis</strong></span> <span class='ocrx_word' id='word_1_78' title='bbox 2045 1207 2050 1211; x_wconf 57' lang='grc'><strong><em>,</em></strong></span> <span class='ocrx_word' id='word_1_79' title='bbox 2059 1143 2322 1219; x_wconf 84' lang='lat' dir='ltr'><strong>periculo</strong></span> 
     </span>
     <span class='ocr_line' id='line_1_11' title="bbox 318 1228 2420 1306; baseline 0.002 -21"><span class='ocrx_word' id='word_1_80' title='bbox 318 1228 583 1286; x_wconf 78' lang='lat' dir='ltr'><strong>Galliam</strong></span> <span class='ocrx_word' id='word_1_81' title='bbox 618 1229 681 1286; x_wconf 87' lang='lat' dir='ltr'><strong>in</strong></span> <span class='ocrx_word' id='word_1_82' title='bbox 724 1228 1051 1286; x_wconf 87' lang='lat' dir='ltr'><strong>libertatem</strong></span> <span class='ocrx_word' id='word_1_83' title='bbox 1090 1228 1401 1288; x_wconf 80' lang='lat' dir='ltr'><strong>vindicent.</strong></span> <span class='ocrx_word' id='word_1_84' title='bbox 1489 1229 1640 1305; x_wconf 85' lang='lat' dir='ltr'><strong>Ejus</strong></span> <span class='ocrx_word' id='word_1_85' title='bbox 1683 1231 1744 1286; x_wconf 89' lang='lat' dir='ltr'><strong>in</strong></span> <span class='ocrx_word' id='word_1_86' title='bbox 1791 1231 1992 1306; x_wconf 87' lang='lat' dir='ltr'><strong>primis</strong></span> <span class='ocrx_word' id='word_1_87' title='bbox 2036 1234 2320 1290; x_wconf 84' lang='lat' dir='ltr'><strong>rationem</strong></span> <span class='ocrx_word' id='word_1_88' title='bbox 2343 1237 2420 1306; x_wconf 71' lang='lat'><strong>10</strong></span> 
     </span>
     <span class='ocr_line' id='line_1_12' title="bbox 316 1317 2318 1394; baseline 0.003 -20"><span class='ocrx_word' id='word_1_89' title='bbox 316 1317 649 1374; x_wconf 80' lang='lat' dir='ltr'><strong>habendam</strong></span> <span class='ocrx_word' id='word_1_90' title='bbox 676 1317 897 1388; x_wconf 88' lang='lat' dir='ltr'><strong>dieunt,</strong></span> <span class='ocrx_word' id='word_1_91' title='bbox 926 1318 1265 1394; x_wconf 76' lang='lat' dir='ltr'><strong>priusquam</strong></span> <span class='ocrx_word' id='word_1_92' title='bbox 1292 1337 1496 1380; x_wconf 84' lang='lat' dir='ltr'><strong>eorum</strong></span> <span class='ocrx_word' id='word_1_93' title='bbox 1523 1319 1886 1379; x_wconf 81' lang='lat' dir='ltr'><strong>clandestina</strong></span> <span class='ocrx_word' id='word_1_94' title='bbox 1913 1321 2154 1380; x_wconf 84' lang='lat' dir='ltr'><strong>consilia</strong></span> <span class='ocrx_word' id='word_1_95' title='bbox 2181 1321 2318 1380; x_wconf 85' lang='lat' dir='ltr'><strong>effe-</strong></span> 
     </span>
     <span class='ocr_line' id='line_1_13' title="bbox 319 1407 2319 1482; baseline 0.004 -19"><span class='ocrx_word' id='word_1_96' title='bbox 319 1417 565 1477; x_wconf 82' lang='lat' dir='ltr'><strong>rantur,.</strong></span> <span class='ocrx_word' id='word_1_97' title='bbox 579 1417 643 1464; x_wconf 90' lang='lat' dir='ltr'><strong>ut</strong></span> <span class='ocrx_word' id='word_1_98' title='bbox 668 1407 887 1468; x_wconf 88' lang='lat' dir='ltr'><strong>Caesar</strong></span> <span class='ocrx_word' id='word_1_99' title='bbox 916 1408 989 1464; x_wconf 88' lang='lat' dir='ltr'><strong>ab</strong></span> <span class='ocrx_word' id='word_1_100' title='bbox 1016 1409 1283 1466; x_wconf 86' lang='lat' dir='ltr'><strong>exercitu</strong></span> <span class='ocrx_word' id='word_1_101' title='bbox 1324 1407 1770 1472; x_wconf 78' lang='lat' dir='ltr'><strong>intercludatur.</strong></span> <span class='ocrx_word' id='word_1_102' title='bbox 1853 1407 1920 1466; x_wconf 93' lang='lat' dir='ltr'><strong>Id</strong></span> <span class='ocrx_word' id='word_1_103' title='bbox 1953 1430 2080 1468; x_wconf 87' lang='lat' dir='ltr'><strong>esse</strong></span> <span class='ocrx_word' id='word_1_104' title='bbox 2124 1411 2319 1482; x_wconf 83' lang='lat' dir='ltr'><strong>facile,</strong></span> 
     </span>
     <span class='ocr_line' id='line_1_14' title="bbox 314 1495 2324 1575; baseline 0.002 -21"><span class='ocrx_word' id='word_1_105' title='bbox 314 1495 473 1572; x_wconf 88' lang='lat' dir='ltr'><strong>quod</strong></span> <span class='ocrx_word' id='word_1_106' title='bbox 502 1515 693 1573; x_wconf 86' lang='lat' dir='ltr'><strong>neque</strong></span> <span class='ocrx_word' id='word_1_107' title='bbox 722 1497 995 1575; x_wconf 84' lang='lat' dir='ltr'><strong>legiones,</strong></span> <span class='ocrx_word' id='word_1_108' title='bbox 1021 1498 1257 1556; x_wconf 83' lang='lat' dir='ltr'><strong>absente</strong></span> <span class='ocrx_word' id='word_1_109' title='bbox 1284 1498 1650 1573; x_wconf 79' lang='lat' dir='ltr'><strong>imperatore,</strong></span> <span class='ocrx_word' id='word_1_110' title='bbox 1682 1495 1936 1556; x_wconf 78' lang='lat' dir='ltr'><strong>audeant</strong></span> <span class='ocrx_word' id='word_1_111' title='bbox 1961 1517 2036 1556; x_wconf 84' lang='lat' dir='ltr'><strong>ex</strong></span> <span class='ocrx_word' id='word_1_112' title='bbox 2063 1499 2324 1558; x_wconf 82' lang='lat' dir='ltr'><strong>hibernis</strong></span> 
     </span>
    </p>

    <p class='ocr_par' dir='ltr' id='par_1_3' title="bbox 284 1587 2418 1756">
     <span class='ocr_line' id='line_1_15' title="bbox 284 1587 2322 1666; baseline 0.003 -22"><span class='ocrx_word' id='word_1_113' title='bbox 284 1610 298 1616; x_wconf 60' lang='grc'><strong>·’</strong></span> <span class='ocrx_word' id='word_1_114' title='bbox 318 1587 523 1664; x_wconf 85' lang='lat' dir='ltr'><strong>egredi</strong></span> <span class='ocrx_word' id='word_1_115' title='bbox 545 1608 564 1660; x_wconf 84' lang='lat'>3</span> <span class='ocrx_word' id='word_1_116' title='bbox 608 1607 801 1664; x_wconf 86' lang='lat' dir='ltr'><strong>neque</strong></span> <span class='ocrx_word' id='word_1_117' title='bbox 828 1588 1141 1665; x_wconf 86' lang='lat' dir='ltr'><strong>imperator</strong></span> <span class='ocrx_word' id='word_1_118' title='bbox 1166 1589 1293 1648; x_wconf 88' lang='lat' dir='ltr'><strong>sine</strong></span> <span class='ocrx_word' id='word_1_119' title='bbox 1313 1587 1600 1666; x_wconf 85' lang='lat' dir='ltr'><strong>praesidio</strong></span> <span class='ocrx_word' id='word_1_120' title='bbox 1627 1587 1704 1646; x_wconf 88' lang='lat' dir='ltr'><strong>ad</strong></span> <span class='ocrx_word' id='word_1_121' title='bbox 1730 1587 1988 1665; x_wconf 84' lang='lat' dir='ltr'><strong>legiones</strong></span> <span class='ocrx_word' id='word_1_122' title='bbox 2017 1592 2322 1666; x_wconf 85' lang='lat' dir='ltr'><strong>pervenire</strong></span> 
     </span>
     <span class='ocr_line' id='line_1_16' title="bbox 320 1676 2418 1756; baseline 0.001 -21"><span class='ocrx_word' id='word_1_123' title='bbox 320 1679 541 1754; x_wconf 82' lang='lat' dir='ltr'><strong>possit3</strong></span> <span class='ocrx_word' id='word_1_124' title='bbox 588 1687 871 1755; x_wconf 85' lang='lat' dir='ltr'><strong>postremo</strong></span> <span class='ocrx_word' id='word_1_125' title='bbox 910 1679 972 1735; x_wconf 90' lang='lat' dir='ltr'><strong>in</strong></span> <span class='ocrx_word' id='word_1_126' title='bbox 1011 1680 1143 1738; x_wconf 88' lang='lat' dir='ltr'><strong>acie</strong></span> <span class='ocrx_word' id='word_1_127' title='bbox 1186 1687 1480 1756; x_wconf 84' lang='lat' dir='ltr'><strong>praestare</strong></span> <span class='ocrx_word' id='word_1_128' title='bbox 1509 1676 1777 1747; x_wconf 86' lang='lat' dir='ltr'><strong>interfici,</strong></span> <span class='ocrx_word' id='word_1_129' title='bbox 1815 1695 1994 1753; x_wconf 88' lang='lat' dir='ltr'><strong>quam</strong></span> <span class='ocrx_word' id='word_1_130' title='bbox 2021 1697 2138 1737; x_wconf 89' lang='lat' dir='ltr'><strong>non</strong></span> <span class='ocrx_word' id='word_1_131' title='bbox 2166 1689 2317 1738; x_wconf 81' lang='lat' dir='ltr'><strong>vete-</strong></span> <span class='ocrx_word' id='word_1_132' title='bbox 2344 1683 2418 1740; x_wconf 74' lang='lat'><strong>1⁶</strong></span> 
     </span>
    </p>
   </div>
   <div class='ocr_carea' id='block_1_3' title="bbox 216 1766 2320 1849">
    <p class='ocr_par' dir='ltr' id='par_1_4' title="bbox 216 1766 2320 1849">
     <span class='ocr_line' id='line_1_17' title="bbox 216 1766 2320 1849; baseline 0.002 -25"><span class='ocrx_word' id='word_1_133' title='bbox 216 1767 221 1770; x_wconf 81' lang='grc'><strong>’</strong></span> <span class='ocrx_word' id='word_1_134' title='bbox 323 1785 449 1824; x_wconf 89' lang='lat' dir='ltr'><strong>rem</strong></span> <span class='ocrx_word' id='word_1_135' title='bbox 478 1767 617 1847; x_wconf 80' lang='lat' dir='ltr'><strong>belli</strong></span> <span class='ocrx_word' id='word_1_136' title='bbox 644 1767 890 1844; x_wconf 84' lang='lat' dir='ltr'><strong>gloriam</strong></span> <span class='ocrx_word' id='word_1_137' title='bbox 906 1767 1366 1849; x_wconf 66' lang='lat' dir='ltr'><strong>libertatemque,</strong></span> <span class='ocrx_word' id='word_1_138' title='bbox 1385 1784 1562 1842; x_wconf 86' lang='lat' dir='ltr'><strong>quam</strong></span> <span class='ocrx_word' id='word_1_139' title='bbox 1579 1785 1616 1824; x_wconf 90' lang='lat' dir='ltr'><strong>a</strong></span> <span class='ocrx_word' id='word_1_140' title='bbox 1633 1766 1946 1842; x_wconf 84' lang='lat' dir='ltr'><strong>majoribus</strong></span> <span class='ocrx_word' id='word_1_141' title='bbox 1967 1769 2320 1845; x_wconf 83' lang='lat' dir='ltr'><strong>acceperint,</strong></span> 
     </span>
    </p>
   </div>
   <div class='ocr_carea' id='block_1_4' title="bbox 261 1874 2426 3911">
    <p class='ocr_par' dir='ltr' id='par_1_5' title="bbox 320 1874 699 1933">
     <span class='ocr_line' id='line_1_18' title="bbox 320 1874 699 1933; baseline 0.005 -21"><span class='ocrx_word' id='word_1_142' title='bbox 320 1874 699 1933; x_wconf 81' lang='lat' dir='ltr'><strong>recuperare.</strong></span> 
     </span>
    </p>

    <p class='ocr_par' dir='ltr' id='par_1_6' title="bbox 319 1945 2424 2649">
     <span class='ocr_line' id='line_1_19' title="bbox 402 1945 2321 2028; baseline 0.001 -24"><span class='ocrx_word' id='word_1_143' title='bbox 402 1946 481 2004; x_wconf 90' lang='grc' dir='ltr'><strong>ΙΙ.</strong></span> <span class='ocrx_word' id='word_1_144' title='bbox 540 1946 653 2004; x_wconf 88' lang='lat' dir='ltr'><strong>His</strong></span> <span class='ocrx_word' id='word_1_145' title='bbox 702 1947 877 2028; x_wconf 82' lang='lat' dir='ltr'><strong>rebus</strong></span> <span class='ocrx_word' id='word_1_146' title='bbox 926 1947 1176 2024; x_wconf 78' lang='lat' dir='ltr'><strong>agitatis,</strong></span> <span class='ocrx_word' id='word_1_147' title='bbox 1226 1946 1566 2023; x_wconf 85' lang='lat' dir='ltr'><strong>profitentur</strong></span> <span class='ocrx_word' id='word_1_148' title='bbox 1611 1945 1918 2018; x_wconf 86' lang='lat' dir='ltr'><strong>Carnutes,</strong></span> <span class='ocrx_word' id='word_1_149' title='bbox 1967 1947 2048 2006; x_wconf 83' lang='lat' dir='ltr'><strong>Se</strong></span> <span class='ocrx_word' id='word_1_150' title='bbox 2087 1947 2321 2009; x_wconf 83' lang='lat' dir='ltr'><strong>nullum</strong></span> 
     </span>
     <span class='ocr_line' id='line_1_20' title="bbox 322 2035 2320 2114; baseline 0.002 -22"><span class='ocrx_word' id='word_1_151' title='bbox 322 2035 653 2113; x_wconf 85' lang='lat' dir='ltr'><strong>periculum</strong></span> <span class='ocrx_word' id='word_1_152' title='bbox 698 2038 1023 2096; x_wconf 84' lang='lat' dir='ltr'><strong>communis</strong></span> <span class='ocrx_word' id='word_1_153' title='bbox 1066 2035 1273 2094; x_wconf 87' lang='lat' dir='ltr'><strong>salutis</strong></span> <span class='ocrx_word' id='word_1_154' title='bbox 1316 2055 1502 2094; x_wconf 81' lang='lat' dir='ltr'><strong>causa</strong></span> <span class='ocrx_word' id='word_1_155' title='bbox 1543 2053 1860 2110; x_wconf 83' lang='lat' dir='ltr'><strong>recusare3</strong></span> <span class='ocrx_word' id='word_1_156' title='bbox 1913 2037 2320 2114; x_wconf 79' lang='lat' dir='ltr'><strong>principesque</strong></span> 
     </span>
     <span class='ocr_line' id='line_1_21' title="bbox 320 2124 2422 2205; baseline 0.004 -22"><span class='ocrx_word' id='word_1_157' title='bbox 320 2145 399 2185; x_wconf 83' lang='lat' dir='ltr'><strong>ex</strong></span> <span class='ocrx_word' id='word_1_158' title='bbox 426 2125 693 2185; x_wconf 87' lang='lat' dir='ltr'><strong>omnibus</strong></span> <span class='ocrx_word' id='word_1_159' title='bbox 720 2125 938 2185; x_wconf 87' lang='lat' dir='ltr'><strong>bellum</strong></span> <span class='ocrx_word' id='word_1_160' title='bbox 957 2124 1211 2185; x_wconf 88' lang='lat' dir='ltr'><strong>facturos</strong></span> <span class='ocrx_word' id='word_1_161' title='bbox 1237 2125 1623 2203; x_wconf 84' lang='lat' dir='ltr'><strong>pollicentur3</strong></span> <span class='ocrx_word' id='word_1_162' title='bbox 1669 2136 1744 2198; x_wconf 90' lang='lat' dir='ltr'><strong>et,</strong></span> <span class='ocrx_word' id='word_1_163' title='bbox 1763 2129 2037 2204; x_wconf 88' lang='lat' dir='ltr'><strong>quoniam</strong></span> <span class='ocrx_word' id='word_1_164' title='bbox 2064 2127 2126 2187; x_wconf 89' lang='lat' dir='ltr'><strong>in</strong></span> <span class='ocrx_word' id='word_1_165' title='bbox 2154 2147 2318 2205; x_wconf 87' lang='lat' dir='ltr'><strong>prae·</strong></span> <span class='ocrx_word' id='word_1_166' title='bbox 2341 2134 2422 2191; x_wconf 59' lang='grc' dir='ltr'><strong><em>ω</em></strong></span> 
     </span>
     <span class='ocr_line' id='line_1_22' title="bbox 321 2215 2314 2293; baseline 0 -20"><span class='ocrx_word' id='word_1_167' title='bbox 321 2216 511 2274; x_wconf 85' lang='lat' dir='ltr'><strong>sentia</strong></span> <span class='ocrx_word' id='word_1_168' title='bbox 538 2215 829 2273; x_wconf 87' lang='lat' dir='ltr'><strong>obsidibus</strong></span> <span class='ocrx_word' id='word_1_169' title='bbox 856 2234 1069 2273; x_wconf 85' lang='lat' dir='ltr'><strong>cavere</strong></span> <span class='ocrx_word' id='word_1_170' title='bbox 1110 2216 1260 2273; x_wconf 89' lang='lat' dir='ltr'><strong>inter</strong></span> <span class='ocrx_word' id='word_1_171' title='bbox 1286 2234 1349 2273; x_wconf 87' lang='lat' dir='ltr'><strong>se</strong></span> <span class='ocrx_word' id='word_1_172' title='bbox 1379 2234 1492 2273; x_wconf 87' lang='lat' dir='ltr'><strong>non</strong></span> <span class='ocrx_word' id='word_1_173' title='bbox 1520 2218 1752 2293; x_wconf 86' lang='lat' dir='ltr'><strong>possint,</strong></span> <span class='ocrx_word' id='word_1_174' title='bbox 1781 2236 1856 2275; x_wconf 90' lang='lat' dir='ltr'><strong>ne</strong></span> <span class='ocrx_word' id='word_1_175' title='bbox 1883 2236 1978 2275; x_wconf 88' lang='lat' dir='ltr'><strong>res</strong></span> <span class='ocrx_word' id='word_1_176' title='bbox 2017 2216 2314 2288; x_wconf 87' lang='lat' dir='ltr'><strong>efferatur,</strong></span> 
     </span>
     <span class='ocr_line' id='line_1_23' title="bbox 324 2304 2318 2381; baseline 0 -18"><span class='ocrx_word' id='word_1_177' title='bbox 324 2314 389 2363; x_wconf 90' lang='lat' dir='ltr'><strong>ut</strong></span> <span class='ocrx_word' id='word_1_178' title='bbox 418 2304 803 2381; x_wconf 84' lang='lat' dir='ltr'><strong>jurejurando</strong></span> <span class='ocrx_word' id='word_1_179' title='bbox 845 2324 916 2363; x_wconf 90' lang='lat' dir='ltr'><strong>ac</strong></span> <span class='ocrx_word' id='word_1_180' title='bbox 958 2305 1071 2363; x_wconf 87' lang='lat' dir='ltr'><strong>fide</strong></span> <span class='ocrx_word' id='word_1_181' title='bbox 1106 2306 1422 2375; x_wconf 87' lang='lat' dir='ltr'><strong>sanciatur,</strong></span> <span class='ocrx_word' id='word_1_182' title='bbox 1453 2315 1671 2381; x_wconf 77' lang='lat' dir='ltr'><strong>petunt,</strong></span> <span class='ocrx_word' id='word_1_183' title='bbox 1703 2305 1928 2363; x_wconf 87' lang='lat' dir='ltr'><strong>collatis</strong></span> <span class='ocrx_word' id='word_1_184' title='bbox 1969 2306 2318 2363; x_wconf 87' lang='lat' dir='ltr'><strong>militaribus</strong></span> 
     </span>
     <span class='ocr_line' id='line_1_24' title="bbox 320 2394 2332 2471; baseline -0 -19"><span class='ocrx_word' id='word_1_185' title='bbox 320 2394 524 2471; x_wconf 80' lang='lat' dir='ltr'><strong>signis,</strong></span> <span class='ocrx_word' id='word_1_186' title='bbox 554 2394 697 2471; x_wconf 92' lang='lat' dir='ltr'><strong>(quo</strong></span> <span class='ocrx_word' id='word_1_187' title='bbox 724 2412 881 2451; x_wconf 86' lang='lat' dir='ltr'><strong>more</strong></span> <span class='ocrx_word' id='word_1_188' title='bbox 920 2412 1121 2453; x_wconf 87' lang='lat' dir='ltr'><strong>eorum</strong></span> <span class='ocrx_word' id='word_1_189' title='bbox 1162 2395 1546 2471; x_wconf 83' lang='lat' dir='ltr'><strong>gravissimae</strong></span> <span class='ocrx_word' id='word_1_190' title='bbox 1591 2395 1978 2453; x_wconf 87' lang='lat' dir='ltr'><strong>caerimoniae</strong></span> <span class='ocrx_word' id='word_1_191' title='bbox 2021 2395 2332 2461; x_wconf 28' lang='lat' dir='ltr'><strong>continent</strong></span> 
     </span>
     <span class='ocr_line' id='line_1_25' title="bbox 320 2482 2316 2559; baseline -0.001 -18"><span class='ocrx_word' id='word_1_192' title='bbox 320 2482 469 2557; x_wconf 89' lang='lat' dir='ltr'><strong>tur,)</strong></span> <span class='ocrx_word' id='word_1_193' title='bbox 520 2502 611 2553; x_wconf 87' lang='lat' dir='ltr'><strong>ne,</strong></span> <span class='ocrx_word' id='word_1_194' title='bbox 664 2482 815 2541; x_wconf 89' lang='lat' dir='ltr'><strong>facto</strong></span> <span class='ocrx_word' id='word_1_195' title='bbox 860 2484 1024 2542; x_wconf 90' lang='lat' dir='ltr'><strong>initio</strong></span> <span class='ocrx_word' id='word_1_196' title='bbox 1072 2483 1227 2553; x_wconf 89' lang='lat' dir='ltr'><strong>belli,</strong></span> <span class='ocrx_word' id='word_1_197' title='bbox 1278 2484 1353 2541; x_wconf 87' lang='lat' dir='ltr'><strong>ab</strong></span> <span class='ocrx_word' id='word_1_198' title='bbox 1401 2482 1642 2559; x_wconf 88' lang='lat' dir='ltr'><strong>reliquis</strong></span> <span class='ocrx_word' id='word_1_199' title='bbox 1689 2482 2052 2540; x_wconf 78' lang='lat' dir='ltr'><strong>deserantur.</strong></span> <span class='ocrx_word' id='word_1_200' title='bbox 2137 2482 2316 2552; x_wconf 85' lang='lat' dir='ltr'><strong>Tum,</strong></span> 
     </span>
     <span class='ocr_line' id='line_1_26' title="bbox 319 2572 2424 2649; baseline -0.001 -16"><span class='ocrx_word' id='word_1_201' title='bbox 319 2572 669 2633; x_wconf 81' lang='lat' dir='ltr'><strong>collaudatis</strong></span> <span class='ocrx_word' id='word_1_202' title='bbox 712 2573 1087 2644; x_wconf 85' lang='lat' dir='ltr'><strong>Carnutibus,</strong></span> <span class='ocrx_word' id='word_1_203' title='bbox 1136 2574 1269 2633; x_wconf 87' lang='lat' dir='ltr'><strong>dato</strong></span> <span class='ocrx_word' id='word_1_204' title='bbox 1320 2572 1702 2649; x_wconf 86' lang='lat' dir='ltr'><strong>jurejurando</strong></span> <span class='ocrx_word' id='word_1_205' title='bbox 1756 2572 1830 2629; x_wconf 90' lang='lat' dir='ltr'><strong>ab</strong></span> <span class='ocrx_word' id='word_1_206' title='bbox 1875 2573 2158 2642; x_wconf 74' lang='lat' dir='ltr'><strong>omnibuS,</strong></span> <span class='ocrx_word' id='word_1_207' title='bbox 2215 2572 2320 2649; x_wconf 88' lang='lat' dir='ltr'><strong>qui</strong></span> <span class='ocrx_word' id='word_1_208' title='bbox 2343 2580 2424 2639; x_wconf 65' lang='lat'><strong>26</strong></span> 
     </span>
    </p>

    <p class='ocr_par' dir='ltr' id='par_1_7' title="bbox 322 2661 2236 2739">
     <span class='ocr_line' id='line_1_27' title="bbox 322 2661 2236 2739; baseline -0.001 -18"><span class='ocrx_word' id='word_1_209' title='bbox 322 2663 585 2732; x_wconf 85' lang='lat' dir='ltr'><strong>aderant,</strong></span> <span class='ocrx_word' id='word_1_210' title='bbox 615 2673 869 2739; x_wconf 88' lang='lat' dir='ltr'><strong>tempore</strong></span> <span class='ocrx_word' id='word_1_211' title='bbox 898 2664 1029 2739; x_wconf 89' lang='lat' dir='ltr'><strong>ejus</strong></span> <span class='ocrx_word' id='word_1_212' title='bbox 1056 2664 1141 2721; x_wconf 88' lang='lat' dir='ltr'><strong>rei</strong></span> <span class='ocrx_word' id='word_1_213' title='bbox 1168 2664 1496 2731; x_wconf 72' lang='lat' dir='ltr'><strong>constitum,</strong></span> <span class='ocrx_word' id='word_1_214' title='bbox 1527 2662 1600 2719; x_wconf 86' lang='lat' dir='ltr'><strong>ab</strong></span> <span class='ocrx_word' id='word_1_215' title='bbox 1627 2662 1873 2719; x_wconf 86' lang='lat' dir='ltr'><strong>concilio</strong></span> <span class='ocrx_word' id='word_1_216' title='bbox 1901 2661 2236 2719; x_wconf 85' lang='lat' dir='ltr'><strong>disceditur.</strong></span> 
     </span>
    </p>

    <p class='ocr_par' dir='ltr' id='par_1_8' title="bbox 261 2748 2426 3820">
     <span class='ocr_line' id='line_1_28' title="bbox 261 2748 2319 2823; baseline -0.001 -12"><span class='ocrx_word' id='word_1_217' title='bbox 261 2748 267 2752; x_wconf 63' lang='grc'><strong>’</strong></span> <span class='ocrx_word' id='word_1_218' title='bbox 404 2752 511 2811; x_wconf 88' lang='grc' dir='ltr'><strong>ΙΙΙ.</strong></span> <span class='ocrx_word' id='word_1_219' title='bbox 578 2752 693 2812; x_wconf 90' lang='lat' dir='ltr'><strong>Ubi</strong></span> <span class='ocrx_word' id='word_1_220' title='bbox 734 2772 805 2811; x_wconf 88' lang='lat' dir='ltr'><strong>ea</strong></span> <span class='ocrx_word' id='word_1_221' title='bbox 845 2753 969 2811; x_wconf 87' lang='lat' dir='ltr'><strong>dies</strong></span> <span class='ocrx_word' id='word_1_222' title='bbox 1010 2754 1185 2823; x_wconf 87' lang='lat' dir='ltr'><strong>venit,</strong></span> <span class='ocrx_word' id='word_1_223' title='bbox 1213 2752 1520 2821; x_wconf 86' lang='lat' dir='ltr'><strong>Carnutes,</strong></span> <span class='ocrx_word' id='word_1_224' title='bbox 1564 2750 1807 2809; x_wconf 85' lang='lat' dir='ltr'><strong>Cotuato</strong></span> <span class='ocrx_word' id='word_1_225' title='bbox 1853 2760 1912 2808; x_wconf 89' lang='lat' dir='ltr'><strong>et</strong></span> <span class='ocrx_word' id='word_1_226' title='bbox 1951 2750 2319 2817; x_wconf 84' lang='lat' dir='ltr'><strong>Conetoduno</strong></span> 
     </span>
     <span class='ocr_line' id='line_1_29' title="bbox 322 2840 2316 2921; baseline -0.001 -18"><span class='ocrx_word' id='word_1_227' title='bbox 322 2844 592 2913; x_wconf 89' lang='lat' dir='ltr'><strong>ducibus,</strong></span> <span class='ocrx_word' id='word_1_228' title='bbox 622 2844 939 2921; x_wconf 87' lang='lat' dir='ltr'><strong>desperatis</strong></span> <span class='ocrx_word' id='word_1_229' title='bbox 980 2845 1325 2913; x_wconf 79' lang='lat' dir='ltr'><strong>hominibuS,</strong></span> <span class='ocrx_word' id='word_1_230' title='bbox 1360 2842 1668 2901; x_wconf 86' lang='lat' dir='ltr'><strong>Genabum</strong></span> <span class='ocrx_word' id='word_1_231' title='bbox 1697 2840 1830 2900; x_wconf 87' lang='lat' dir='ltr'><strong>dato</strong></span> <span class='ocrx_word' id='word_1_232' title='bbox 1869 2842 2034 2919; x_wconf 84' lang='lat' dir='ltr'><strong>signo</strong></span> <span class='ocrx_word' id='word_1_233' title='bbox 2075 2860 2316 2901; x_wconf 87' lang='lat' dir='ltr'><strong>concur-</strong></span> 
     </span>
     <span class='ocr_line' id='line_1_30' title="bbox 322 2932 2319 3009; baseline 0.001 -18"><span class='ocrx_word' id='word_1_234' title='bbox 322 2944 501 3006; x_wconf 85' lang='lat' dir='ltr'><strong>runt3</strong></span> <span class='ocrx_word' id='word_1_235' title='bbox 548 2934 823 3009; x_wconf 86' lang='lat' dir='ltr'><strong>civesque</strong></span> <span class='ocrx_word' id='word_1_236' title='bbox 851 2933 1160 3003; x_wconf 82' lang='lat' dir='ltr'><strong>Romanos,</strong></span> <span class='ocrx_word' id='word_1_237' title='bbox 1200 2933 1303 3009; x_wconf 90' lang='lat' dir='ltr'><strong>qui</strong></span> <span class='ocrx_word' id='word_1_238' title='bbox 1338 2932 1670 3009; x_wconf 82' lang='lat' dir='ltr'><strong>negotiandi</strong></span> <span class='ocrx_word' id='word_1_239' title='bbox 1709 2952 1894 2991; x_wconf 84' lang='lat' dir='ltr'><strong>causa</strong></span> <span class='ocrx_word' id='word_1_240' title='bbox 1933 2932 2015 2989; x_wconf 90' lang='lat' dir='ltr'><strong>ibi</strong></span> <span class='ocrx_word' id='word_1_241' title='bbox 2055 2933 2319 2993; x_wconf 76' lang='lat' dir='ltr'><strong>constite-</strong></span> 
     </span>
     <span class='ocr_line' id='line_1_31' title="bbox 324 3022 2426 3098; baseline 0.002 -17"><span class='ocrx_word' id='word_1_242' title='bbox 324 3032 475 3092; x_wconf 85' lang='lat' dir='ltr'><strong>rant,</strong></span> <span class='ocrx_word' id='word_1_243' title='bbox 505 3023 565 3079; x_wconf 88' lang='lat' dir='ltr'><strong>in</strong></span> <span class='ocrx_word' id='word_1_244' title='bbox 594 3022 685 3081; x_wconf 84' lang='lat' dir='ltr'><strong>his</strong></span> <span class='ocrx_word' id='word_1_245' title='bbox 712 3023 784 3081; x_wconf 86' lang='lat' dir='ltr'><strong>C.</strong></span> <span class='ocrx_word' id='word_1_246' title='bbox 814 3022 1061 3081; x_wconf 86' lang='lat' dir='ltr'><strong>Fusium</strong></span> <span class='ocrx_word' id='word_1_247' title='bbox 1089 3023 1297 3093; x_wconf 86' lang='lat' dir='ltr'><strong>Citam,</strong></span> <span class='ocrx_word' id='word_1_248' title='bbox 1328 3022 1632 3081; x_wconf 87' lang='lat' dir='ltr'><strong>honestum</strong></span> <span class='ocrx_word' id='word_1_249' title='bbox 1675 3024 1928 3098; x_wconf 88' lang='lat' dir='ltr'><strong>equitem</strong></span> <span class='ocrx_word' id='word_1_250' title='bbox 1971 3022 2320 3093; x_wconf 71' lang='lat' dir='ltr'><strong>Romanum,</strong></span> <span class='ocrx_word' id='word_1_251' title='bbox 2345 3028 2426 3085; x_wconf 60' lang='grc' dir='ltr'>ω</span> 
     </span>
     <span class='ocr_line' id='line_1_32' title="bbox 322 3110 2318 3190; baseline -0.001 -19"><span class='ocrx_word' id='word_1_252' title='bbox 322 3114 429 3190; x_wconf 89' lang='lat' dir='ltr'><strong>qui</strong></span> <span class='ocrx_word' id='word_1_253' title='bbox 480 3114 565 3171; x_wconf 86' lang='lat' dir='ltr'><strong>rei</strong></span> <span class='ocrx_word' id='word_1_254' title='bbox 615 3111 1031 3171; x_wconf 83' lang='lat' dir='ltr'><strong>frumentariae</strong></span> <span class='ocrx_word' id='word_1_255' title='bbox 1070 3113 1241 3188; x_wconf 84' lang='lat' dir='ltr'><strong>jussu</strong></span> <span class='ocrx_word' id='word_1_256' title='bbox 1290 3112 1560 3171; x_wconf 85' lang='lat' dir='ltr'><strong>Caesaris</strong></span> <span class='ocrx_word' id='word_1_257' title='bbox 1607 3122 1888 3189; x_wconf 88' lang='lat' dir='ltr'><strong>praeerat,</strong></span> <span class='ocrx_word' id='word_1_258' title='bbox 1945 3110 2318 3181; x_wconf 84' lang='lat' dir='ltr'><strong>interficiunt,</strong></span> 
     </span>
     <span class='ocr_line' id='line_1_33' title="bbox 325 3200 2319 3280; baseline -0.003 -17"><span class='ocrx_word' id='word_1_259' title='bbox 325 3206 595 3280; x_wconf 86' lang='lat' dir='ltr'><strong>bonaque</strong></span> <span class='ocrx_word' id='word_1_260' title='bbox 636 3222 839 3263; x_wconf 89' lang='lat' dir='ltr'><strong>eorum</strong></span> <span class='ocrx_word' id='word_1_261' title='bbox 880 3204 1178 3280; x_wconf 88' lang='lat' dir='ltr'><strong>diripiunt.</strong></span> <span class='ocrx_word' id='word_1_262' title='bbox 1262 3203 1550 3261; x_wconf 79' lang='lat' dir='ltr'><strong>Celeriter</strong></span> <span class='ocrx_word' id='word_1_263' title='bbox 1577 3202 1650 3260; x_wconf 86' lang='lat' dir='ltr'><strong>ad</strong></span> <span class='ocrx_word' id='word_1_264' title='bbox 1675 3221 1878 3261; x_wconf 87' lang='lat' dir='ltr'><strong>omnes</strong></span> <span class='ocrx_word' id='word_1_265' title='bbox 1919 3202 2152 3259; x_wconf 86' lang='lat' dir='ltr'><strong>Galliae</strong></span> <span class='ocrx_word' id='word_1_266' title='bbox 2179 3200 2319 3259; x_wconf 89' lang='lat' dir='ltr'><strong>civi-</strong></span> 
     </span>
     <span class='ocr_line' id='line_1_34' title="bbox 326 3290 2324 3371; baseline -0.002 -18"><span class='ocrx_word' id='word_1_267' title='bbox 326 3304 477 3353; x_wconf 87' lang='lat' dir='ltr'><strong>tates</strong></span> <span class='ocrx_word' id='word_1_268' title='bbox 506 3294 661 3352; x_wconf 81' lang='lat' dir='ltr'><strong>fama</strong></span> <span class='ocrx_word' id='word_1_269' title='bbox 687 3292 977 3371; x_wconf 86' lang='lat' dir='ltr'><strong>perfertur</strong></span> <span class='ocrx_word' id='word_1_270' title='bbox 1000 3312 1019 3365; x_wconf 87' lang='lat'>3</span> <span class='ocrx_word' id='word_1_271' title='bbox 1064 3292 1248 3369; x_wconf 86' lang='lat' dir='ltr'><strong>(nam,</strong></span> <span class='ocrx_word' id='word_1_272' title='bbox 1280 3293 1380 3350; x_wconf 90' lang='lat' dir='ltr'><strong>ubi</strong></span> <span class='ocrx_word' id='word_1_273' title='bbox 1408 3292 1590 3367; x_wconf 85' lang='lat' dir='ltr'><strong>major</strong></span> <span class='ocrx_word' id='word_1_274' title='bbox 1619 3303 1790 3367; x_wconf 88' lang='lat' dir='ltr'><strong>atque</strong></span> <span class='ocrx_word' id='word_1_275' title='bbox 1813 3291 2094 3364; x_wconf 79' lang='lat' dir='ltr'><strong>illustrior</strong></span> <span class='ocrx_word' id='word_1_276' title='bbox 2121 3290 2324 3349; x_wconf 86' lang='lat' dir='ltr'><strong>incidit</strong></span> 
     </span>
     <span class='ocr_line' id='line_1_35' title="bbox 328 3380 2324 3461; baseline -0.001 -20"><span class='ocrx_word' id='word_1_277' title='bbox 328 3404 443 3454; x_wconf 79' lang='lat' dir='ltr'><strong>reS,</strong></span> <span class='ocrx_word' id='word_1_278' title='bbox 494 3384 749 3443; x_wconf 86' lang='lat' dir='ltr'><strong>clamore</strong></span> <span class='ocrx_word' id='word_1_279' title='bbox 792 3402 895 3461; x_wconf 86' lang='lat' dir='ltr'><strong>per</strong></span> <span class='ocrx_word' id='word_1_280' title='bbox 944 3402 1115 3461; x_wconf 85' lang='lat' dir='ltr'><strong>agros</strong></span> <span class='ocrx_word' id='word_1_281' title='bbox 1163 3384 1544 3459; x_wconf 85' lang='lat' dir='ltr'><strong>regionesque</strong></span> <span class='ocrx_word' id='word_1_282' title='bbox 1593 3382 1960 3459; x_wconf 83' lang='lat' dir='ltr'><strong>significant3</strong></span> <span class='ocrx_word' id='word_1_283' title='bbox 2021 3380 2178 3438; x_wconf 84' lang='lat' dir='ltr'><strong>hunc</strong></span> <span class='ocrx_word' id='word_1_284' title='bbox 2219 3380 2324 3439; x_wconf 85' lang='lat' dir='ltr'><strong>alii</strong></span> 
     </span>
     <span class='ocr_line' id='line_1_36' title="bbox 327 3468 2426 3551; baseline -0.001 -20"><span class='ocrx_word' id='word_1_285' title='bbox 327 3474 603 3550; x_wconf 89' lang='lat' dir='ltr'><strong>deinceps</strong></span> <span class='ocrx_word' id='word_1_286' title='bbox 646 3474 961 3551; x_wconf 87' lang='lat' dir='ltr'><strong>excipiunt,</strong></span> <span class='ocrx_word' id='word_1_287' title='bbox 1012 3483 1074 3531; x_wconf 89' lang='lat' dir='ltr'><strong>et</strong></span> <span class='ocrx_word' id='word_1_288' title='bbox 1119 3474 1396 3549; x_wconf 87' lang='lat' dir='ltr'><strong>proximis</strong></span> <span class='ocrx_word' id='word_1_289' title='bbox 1443 3471 1714 3542; x_wconf 81' lang='lat' dir='ltr'><strong>tradunt3</strong></span> <span class='ocrx_word' id='word_1_290' title='bbox 1760 3480 1824 3528; x_wconf 90' lang='lat' dir='ltr'><strong>ut</strong></span> <span class='ocrx_word' id='word_1_291' title='bbox 1870 3481 1994 3529; x_wconf 89' lang='lat' dir='ltr'><strong>tum</strong></span> <span class='ocrx_word' id='word_1_292' title='bbox 2043 3470 2257 3528; x_wconf 84' lang='lat' dir='ltr'><strong>accidit</strong></span> <span class='ocrx_word' id='word_1_293' title='bbox 2275 3468 2322 3547; x_wconf 76' lang='grc' dir='ltr'><strong>ε)</strong></span> <span class='ocrx_word' id='word_1_294' title='bbox 2348 3472 2426 3529; x_wconf 73' lang='grc'><strong>85</strong></span> 
     </span>
     <span class='ocr_line' id='line_1_37' title="bbox 326 3560 2324 3639; baseline -0.002 -18"><span class='ocrx_word' id='word_1_295' title='bbox 326 3582 487 3633; x_wconf 85' lang='lat' dir='ltr'><strong>nam,</strong></span> <span class='ocrx_word' id='word_1_296' title='bbox 530 3583 682 3639; x_wconf 87' lang='lat' dir='ltr'><strong>quae</strong></span> <span class='ocrx_word' id='word_1_297' title='bbox 736 3564 965 3623; x_wconf 81' lang='lat' dir='ltr'><strong>Genabi</strong></span> <span class='ocrx_word' id='word_1_298' title='bbox 1014 3564 1235 3621; x_wconf 87' lang='lat' dir='ltr'><strong>oriente</strong></span> <span class='ocrx_word' id='word_1_299' title='bbox 1282 3563 1404 3621; x_wconf 88' lang='lat' dir='ltr'><strong>sole</strong></span> <span class='ocrx_word' id='word_1_300' title='bbox 1439 3572 1607 3639; x_wconf 81' lang='lat' dir='ltr'><strong>gesta</strong></span> <span class='ocrx_word' id='word_1_301' title='bbox 1647 3570 1858 3631; x_wconf 83' lang='lat' dir='ltr'><strong>essent,</strong></span> <span class='ocrx_word' id='word_1_302' title='bbox 1901 3570 2035 3619; x_wconf 85' lang='lat' dir='ltr'><strong>ante</strong></span> <span class='ocrx_word' id='word_1_303' title='bbox 2077 3560 2324 3636; x_wconf 82' lang='lat' dir='ltr'><strong>primam</strong></span> 
     </span>
     <span class='ocr_line' id='line_1_38' title="bbox 328 3648 2326 3780; baseline -0.002 -69"><span class='ocrx_word' id='word_1_304' title='bbox 328 3651 657 3712; x_wconf 83' lang='lat' dir='ltr'><strong>confectam</strong></span> <span class='ocrx_word' id='word_1_305' title='bbox 686 3654 991 3730; x_wconf 84' lang='lat' dir='ltr'><strong>vigiliam</strong></span> <span class='ocrx_word' id='word_1_306' title='bbox 975 3672 1035 3711; x_wconf 75' lang='lat' dir='ltr'><strong>in</strong></span> <span class='ocrx_word' id='word_1_307' title='bbox 1062 3654 1277 3711; x_wconf 86' lang='lat' dir='ltr'><strong>finibus</strong></span> <span class='ocrx_word' id='word_1_308' title='bbox 1304 3653 1710 3709; x_wconf 85' lang='lat' dir='ltr'><strong>Arvernorum</strong></span> <span class='ocrx_word' id='word_1_309' title='bbox 1739 3650 1936 3707; x_wconf 89' lang='lat' dir='ltr'><strong>audita</strong></span> <span class='ocrx_word' id='word_1_310' title='bbox 1961 3658 2130 3710; x_wconf 82' lang='lat' dir='ltr'><strong>sunt·</strong></span> <span class='ocrx_word' id='word_1_311' title='bbox 2173 3648 2326 3780; x_wconf 80' lang='lat' dir='ltr'><strong>quod</strong></span> 
     </span>
     <span class='ocr_line' id='line_1_39' title="bbox 328 3743 1392 3821; baseline 0.001 -21"><span class='ocrx_word' id='word_1_312' title='bbox 328 3743 583 3821; x_wconf 87' lang='lat' dir='ltr'><strong>spatium</strong></span> <span class='ocrx_word' id='word_1_313' title='bbox 610 3752 699 3801; x_wconf 82' lang='lat' dir='ltr'><strong>est</strong></span> <span class='ocrx_word' id='word_1_314' title='bbox 725 3744 977 3801; x_wconf 86' lang='lat' dir='ltr'><strong>millium</strong></span> <span class='ocrx_word' id='word_1_315' title='bbox 1004 3745 1237 3803; x_wconf 83' lang='lat' dir='ltr'><strong>circiter</strong></span> <span class='ocrx_word' id='word_1_316' title='bbox 1258 3760 1392 3802; x_wconf 75' lang='lat' dir='ltr'><strong>ch-</strong></span> 
     </span>
    </p>

    <p class='ocr_par' dir='ltr' id='par_1_9' title="bbox 369 3829 2324 3911">
     <span class='ocr_line' id='line_1_40' title="bbox 369 3829 2324 3911; baseline -0.002 -17.913"><span class='ocrx_word' id='word_1_317' title='bbox 369 3832 521 3903; x_wconf 86' lang='lat' dir='ltr'><strong>IV.</strong></span> <span class='ocrx_word' id='word_1_318' title='bbox 566 3832 759 3893; x_wconf 79' lang='lat' dir='ltr'><strong>Simili</strong></span> <span class='ocrx_word' id='word_1_319' title='bbox 786 3830 1008 3894; x_wconf 77' lang='lat' dir='ltr'><strong>ratione</strong></span> <span class='ocrx_word' id='word_1_320' title='bbox 1038 3834 1119 3893; x_wconf 90' lang='lat' dir='ltr'><strong>ibi</strong></span> <span class='ocrx_word' id='word_1_321' title='bbox 1147 3831 1616 3911; x_wconf 80' lang='lat' dir='ltr'><strong>Vercingetorix,</strong></span> <span class='ocrx_word' id='word_1_322' title='bbox 1642 3829 1860 3893; x_wconf 84' lang='lat' dir='ltr'><strong>Celtilli</strong></span> <span class='ocrx_word' id='word_1_323' title='bbox 1896 3830 2073 3905; x_wconf 79' lang='lat' dir='ltr'><strong>filius,</strong></span> <span class='ocrx_word' id='word_1_324' title='bbox 2103 3830 2324 3894; x_wconf 75' lang='lat' dir='ltr'><strong>Arver-</strong></span> 
     </span>
    </p>
   </div>
   <div class='ocr_carea' id='block_1_5' title="bbox 1559 3957 1586 3970">
    <p class='ocr_par' dir='ltr' id='par_1_10' title="bbox 1559 3957 1586 3970">
     <span class='ocr_line' id='line_1_41' title="bbox 1559 3957 1586 3970; baseline 0 -2"><span class='ocrx_word' id='word_1_325' title='bbox 1559 3957 1586 3970; x_wconf 47' lang='grc' dir='ltr'><strong>ῃ</strong></span> 
     </span>
    </p>
   </div>
  </div>
 </body>
</html>
