2709 4300
208 305 339 352 cn».
358 311 401 360 ε,
418 305 487 358 a]
542 325 557 333 -
1004 303 1195 351 mana
1228 305 1532 382 unimus,
2233 289 2328 354 6⁶

210 443 662 527 circumsistunt
689 441 999 511 hominem,
1030 450 1203 517 atque
1232 443 1623 500 interficiunt:
1665 453 1724 500 at
1753 443 1949 502 Aedui
1987 443 2219 519 equites·

210 532 294 588 ad
324 533 638 590 Caesarem
659 549 859 590 omnes
888 541 1275 589 revertuntur.

304 621 471 680 VIII.
516 621 629 679 His
658 623 833 679 rebus
873 624 1067 699 gestis,
1109 616 1372 681 Labieno
1410 625 1470 680 in
1511 623 1834 682 continente
1863 641 2000 682 cum
2025 624 2212 682 tribus

208 711 551 788 legionibus
577 719 634 768 et
662 712 925 786 equiturn
966 712 1226 770 millibus
1258 712 1482 770 duobus
1511 712 1730 781 relicto,
1763 722 1832 772 ut-
1851 721 2047 788 portus
2087 721 2208 772 tue-

210 811 402 870 retur,
446 809 504 858 et
545 817 669 858 rem
720 799 1160 876 frumentariam
1210 802 1549 878 provideret,
1597 819 1862 877 quaeque
1909 802 1970 859 in
2013 802 2210 860 Gallia
2235 811 2276 864 5

209 899 571 967 gererentur
594 899 986 966 cognosceret,
1016 892 1438 967 consiliumque
1481 909 1584 967 pro
1623 899 1876 967 tempore
1917 900 1975 949 et
2004 910 2104 966 pro
2145 910 2208 950 re

208 989 474 1056 caperet,
496 981 617 1056 ipse
647 999 785 1036 cum
804 981 1061 1054 quinque
1083 980 1404 1056 legionibus
1425 991 1482 1039 et
1509 982 1636 1058 pari
1665 999 1908 1038 numero
1929 983 2208 1056 equitum,

209 1089 399 1146 quem
426 1071 485 1126 in
524 1070 838 1126 continenti
880 1069 1258 1144 relinquebat,
1288 1071 1426 1128 solis
1460 1089 1676 1128 occasu
1719 1089 1898 1128 naves
1938 1072 2123 1141 solvit,
2153 1081 2210 1128 et

210 1160 339 1216 leni
370 1158 577 1216 Africo
605 1169 929 1235 provectus,
960 1159 1151 1216 media
1178 1159 1412 1217 circiter
1450 1169 1618 1218 nocte
1655 1170 1824 1218 vento
1866 1161 2207 1230 intermisse,

210 1267 465 1306 cursum
508 1267 623 1306 non
668 1251 871 1318 tenuit,
907 1257 964 1306 et
1006 1249 1233 1325 longius
1272 1247 1502 1306 delatus
1541 1259 1722 1318 aestu,
1751 1260 1876 1307 orta
1917 1250 2070 1319 luce,
2099 1251 2210 1308 sub
2242 1255 2318 1310 10

210 1335 454 1397 sinistra
482 1339 844 1398 Britanniam
872 1339 1137 1396 relictam
1170 1340 1487 1415 conspexit.
1573 1339 1732 1396 Tum
1761 1357 1982 1408 rursus,
2015 1351 2210 1398 aestus

212 1429 726 1487 commutationem
754 1437 1007 1498 secutae,
1028 1429 1201 1485 remis
1228 1428 1535 1496 contendit,
1557 1437 1618 1484 ut
1645 1447 1776 1484 eam
1806 1437 2026 1504 partem
2053 1429 2208 1485 insu-

210 1520 311 1576 lae
354 1527 607 1594 caperet,
650 1535 769 1592 qua
810 1519 1091 1593 optimum
1136 1535 1263 1574 esse
1306 1535 1614 1593 egressum
1657 1517 1952 1591 superiore
1995 1527 2210 1576 aestate

212 1617 589 1684 cognoverat.
675 1607 813 1672 Qua
854 1607 915 1664 in
958 1625 1021 1664 re
1062 1606 1374 1662 admodum
1413 1604 1522 1662 suit
1565 1605 1814 1662 militum
1859 1607 2044 1662 virtus
2087 1607 2208 1664 lau-

212 1697 427 1766 danda,
457 1698 559 1773 qui
588 1697 858 1754 vectoriis
883 1697 1275 1774 gravibusque
1316 1695 1584 1772 navigiis,
1615 1710 1727 1752 non
1767 1697 2094 1754 intermisso
2121 1715 2206 1752 re·-
2239 1698 2312 1754 1³

214 1786 476 1863 migandi
498 1786 714 1856 labore,
744 1787 1049 1863 longarum
1074 1787 1314 1844 navium
1330 1801 1586 1842 cursum
1607 1784 2026 1860 adaequarunt.
2088 1786 2206 1844 Ac-

212 1895 451 1934 cessum
494 1885 582 1933 est
620 1875 691 1932 ad
720 1875 1082 1932 Britanniam
1126 1875 1396 1932 omnibus
1436 1875 1684 1931 navibus
1727 1873 2045 1932 meridiano
2087 1874 2208 1932 sere

212 1975 512 2050 tempore:
552 1983 743 2038 neque
786 1967 846 2020 in
890 1983 961 2022 eo
1004 1965 1133 2021 loco
1176 1965 1353 2022 hostis
1395 1973 1482 2022 est
1523 1965 1724 2036 visus3
1769 1963 1889 2034 sed,
1921 1974 1984 2022 ut
2012 1975 2210 2040 postea

210 2055 441 2114 Caesar
464 2073 537 2112 ex
581 2055 825 2129 captivis
866 2053 1161 2129 comperit,
1192 2071 1374 2129 quum
1421 2071 1668 2130 magnae
1713 2072 1922 2111 manus
1963 2073 2032 2112 eo
2071 2073 2204 2114 con-

211 2146 527 2214 venissent,
559 2142 926 2201 multitudine
954 2143 1191 2200 navium
1220 2145 1577 2220 perterritae,
1615 2141 1792 2220 (quae
1819 2164 1957 2202 cum
1987 2146 2202 2205 annoti·
2229 2147 2312 2203 20

210 2235 309 2292 nis
354 2234 728 2310 privatisque,
767 2251 916 2309 quas
956 2234 1049 2289 sui
1088 2234 1335 2309 quisque
1375 2234 1659 2291 commodi
1687 2233 1926 2303 fecerat,
1956 2236 2208 2311 amplius

211 2342 357 2383 Dccc
388 2341 505 2381 uno
532 2324 887 2403 erant'visae
917 2321 1219 2398 tempore)
1248 2342 1285 2379 a
1312 2322 1479 2381 litore
1509 2323 1913 2391 discesserant,
1954 2342 2026 2380 ac
2053 2344 2116 2381 se
2143 2325 2204 2381 in

212 2414 519 2490 superiora
547 2410 677 2469 loca
704 2412 1061 2469 abdiderant.

294 2501 401 2560 IX.
448 2500 684 2569 Caesar,
714 2502 965 2577 exposito
990 2500 1271 2570 exercitu,
1300 2511 1359 2559 et
1387 2500 1514 2559 loco
1541 2501 1748 2559 castris
1787 2500 1992 2558 idoneo
2019 2511 2202 2576 capt0,

210 2592 316 2649 ubi
345 2608 419 2649 ex
446 2590 693 2667 captivis
719 2591 1001 2666 cognovit,
1031 2608 1147 2665 quo
1172 2592 1232 2646 in
1260 2591 1390 2647 loco
1416 2592 1663 2648 hostium
1691 2591 1892 2667 copiae
1919 2592 2201 2649 consedis-
2229 2594 2310 2649 2⁵

209 2690 361 2750 sent,
406 2680 733 2737 cohortibus
787 2698 827 2736 1
883 2679 956 2735 ad
1010 2696 1173 2735 mare
1234 2680 1470 2747 reli-ctis,
1513 2688 1571 2736 et
1609 2677 1902 2754 equitibus
1937 2698 2059 2748 ccc,
2103 2683 2204 2755 qui

210 2769 501 2847 pracsidio
530 2768 777 2825 navibus
803 2778 1013 2837 essent,
1036 2768 1111 2825 de
1138 2768 1307 2825 tertia
1336 2768 1538 2843 vigilia
1565 2768 1636 2824 ad
1666 2769 1854 2825 hostes
1895 2770 2202 2839 contendit,

209 2880 283 2918 eo
310 2860 505 2915 minus
532 2859 751 2915 veritus
790 2858 1054 2927 navibus„
1084 2856 1236 2933 quod
1274 2858 1332 2913 in
1377 2856 1544 2913 litore
1585 2857 1744 2913 molli
1787 2867 1958 2932 atque
2009 2868 2208 2935 aperto

211 2951 499 3026 deligatas
552 2948 623 3005 ad
682 2947 992 3005 anchoram
1048 2947 1448 3021 relinquebat3
1509 2957 1568 3005 et
1621 2946 1906 3023 praesidio
1957 2949 2206 3005 navibus

212 3040 294 3111 Q.
329 3040 565 3097 Atrium
594 3036 891 3114 praefecit.
975 3036 1124 3113 lpse,
1152 3046 1324 3093 noctu
1354 3054 1690 3114 progressus
1717 3038 1902 3095 millia
1931 3055 2204 3115 passuum
2232 3038 2313 3093 30

213 3131 451 3188 circiter
494 3146 599 3198 111,
646 3129 893 3186 hostium
936 3128 1132 3203 copias
1179 3129 1546 3204 conspicatus
1593 3138 1698 3185 est.
1783 3126 1896 3195 Illi,
1943 3129 2203 3203 equitatu

215 3228 391 3295 atque
419 3218 637 3276 essedis
664 3216 735 3275 ad
766 3218 981 3273 flumen
1024 3218 1329 3293 progressi,
1361 3233 1435 3273 ex
1477 3217 1603 3274 loco
1644 3217 1942 3292 superiore
1985 3226 2206 3275 nostros

214 3308 537 3385 prohibere,
586 3316 644 3365 et
692 3306 975 3383 proelium
1025 3308 1383 3363 committere
1432 3314 1761 3382 coeperunt.
1845 3306 2088 3382 Repulsi
2129 3308 2207 3364 ab·

214 3400 493 3473 equitatu,
526 3414 587 3454 se
616 3398 675 3453 in
716 3398 894 3454 silvas
936 3395 1295 3465 abdiderunt,
1328 3394 1522 3453 locum
1564 3396 1720 3451 nacti
1759 3398 1990 3473 egregie
2017 3405 2074 3452 et
2101 3414 2202 3453 na-

212 3498 348 3547 tura
385 3496 442 3545 et
482 3505 653 3563 opere
696 3488 999 3554 munitum,
1042 3504 1213 3562 quem
1254 3484 1551 3542 domestici
1589 3484 1744 3553 belli,
1781 3494 1843 3541 ut
1881 3485 2200 3553 videbatur,
2230 3488 2308 3545 35

216 3597 415 3647 causa,
467 3578 590 3653 jam
646 3587 777 3634 ante
834 3584 1351 3653 praeparaverant:
1421 3592 1599 3631 nam‘·
1619 3575 1840 3631 crebris
1906 3574 2206 3632 arboribus

215 3668 463 3725 succisis
490 3686 689 3723 omnes
716 3667 985 3723 introitus
1018 3675 1183 3723 erant
1224 3664 1536 3740 praeclusi.
1622 3663 1736 3740 Ipsi
1765 3682 1838 3720 ex
1881 3664 2044 3721 silvis
2085 3665 2202 3721 rari

216 3757 676 3835 propugnabant,
706 3765 1043 3829 nostrosque
1090 3756 1239 3811 intra
1284 3754 1630 3812 munitiones
1673 3751 1898 3831 ingredi
1941 3750 2200 3829 prohibe-

216 3845 375 3905 bant.
462 3846 547 3905 At
588 3846 801 3905 milites
843 3843 1087 3921 legionis
1112 3862 1221 3914 vn,
1250 3844 1536 3903 testudine
1575 3842 1750 3916 facta,
1780 3853 1838 3903 et
1871 3861 2086 3923 aggere
2125 3844 2200 3903 ad

1177 3934 1249 3991 g*
