2709 4300
391 251 478 310 8⁰
787 321 794 330 ,
1099 262 1186 310 ns
1221 263 1433 310 nanno
1470 263 1755 312 cauco
2154 265 2289 321 [cm
2305 271 2379 324 υ,
2396 273 2465 316 η.

493 398 788 468 haberent,
817 399 1112 458 voluntate
1153 399 1282 476 ejus
1323 399 1564 458 reddere
1604 401 1723 458 illis
1762 400 2005 473 liceret3
2049 419 2199 463 neve
2226 390 2472 462 Aeduos

493 490 710 566 injuria
737 491 1066 560 lacesseret,
1109 508 1258 548 neve
1301 491 1391 548 his
1430 491 1677 548 sociisve
1716 509 1919 550 eorum
1958 492 2177 550 bellum
2206 492 2469 552 inferret.

493 578 560 636 Si
585 579 644 636 id
671 581 752 638 ita
775 578 1022 648 fecioeet,
1051 578 1160 636 sibi
1189 578 1521 655 Populoque
1550 579 1813 638 Romano
1852 590 2191 658 perpetuam
2218 582 2471 658 gratiam

493 677 666 743 atque
709 670 1024 726 amicitiam
1067 685 1206 726 cum
1245 687 1316 726 eo
1360 667 1645 726 futuram:
1687 670 1737 726 si
1764 687 1893 728 non.
1920 672 2271 747 impetraret,
2320 689 2469 740 sese,

429 763 470 816 ⁶
493 758 783 832 quoniam,
815 757 896 814 M.
929 757 1204 826 Messala,
1241 755 1326 814 Μ.
1357 756 1581 827 Pisone,
1610 757 1795 828 Coss„
1838 759 2089 816 Senatus
2128 761 2469 829 censuisset,

495 848 598 917 uti,
647 848 982 922 quicunque
1037 846 1296 904 Galliam
1343 847 1701 922 provinciam
1754 847 2053 918 obtineret,
2107 848 2257 924 quod
2314 868 2469 906 com-

494 937 658 993 modo
696 935 1072 1011 Reipublicae
1101 933 1296 993 facere
1337 945 1543 1011 posset,
1574 936 1813 994 Aeduos
1840 947 2213 1012 caeterosque
2254 939 2471 996 amicos

495 1023 700 1100 Populi
729 1023 978 1082 Romani
1015 1023 1369 1094 defenderet,
1400 1043 1529 1082 sese
1558 1025 1900 1083 Aeduorum
1940 1026 2185 1102 injurias
2224 1045 2338 1084 non
2370 1045 2469 1084 ne-

494 1113 844 1190 glecturum.

395 1204 470 1260 10
577 1201 856 1260 XXXVI.
903 1201 998 1260 Ad
1049 1202 1198 1261 haec
1241 1203 1573 1262 Ariovistus
1620 1203 1943 1281 respondit:
1984 1203 2019 1261 J
2025 1224 2095 1263 us
2140 1223 2269 1264 esse
2310 1205 2465 1274 belli,

495 1301 578 1361 ut,
623 1292 726 1368 qui
753 1291 1044 1363 visissent,
1091 1293 1180 1363 iis,
1219 1311 1367 1369 quos
1395 1295 1686 1364 vicissent,
1724 1295 2205 1370 quemadmodum
2232 1294 2467 1364 vellent,

495 1382 878 1458 imperarent:
921 1383 1060 1440 item
1103 1383 1389 1459 Populum
1432 1382 1761 1442 Romanum
1788 1385 1957 1442 victis
1984 1403 2098 1443 non
2126 1385 2199 1442 ad
2230 1385 2469 1443 alterius

494 1473 934 1548 praescriptum,
981 1471 1082 1529 sed
1121 1471 1194 1530 ad
1233 1491 1409 1530 suum
1454 1473 1773 1544 arbitrium,
1812 1475 2099 1550 imperare
2136 1493 2465 1532 consuesse.

493 1560 602 1618 Si
587 1579 706 1638 lpse
736 1561 954 1638 Populo
981 1561 1242 1619 Romano
1261 1580 1376 1619 non
1396 1563 1833 1639 praescriberet,
1862 1561 2345 1638 quemadmodum
2362 1581 2471 1621 suo

395 1649 510 1710 15
488 1669 622 1752 Jure
665 1660 962 1724 uteretur3
1007 1669 1120 1708 non
1157 1660 1419 1726 oportere
1462 1669 1591 1709 sese
1638 1669 1675 1708 a
1714 1651 1961 1738 Populo.
1973 1651 2279 1709 Romano
2260 1669 2321 1708 m
2362 1669 2469 1708 suo

487 1740 622 1815 jure
649 1741 933 1816 impediri.
1016 1740 1254 1798 Aeduos
1295 1741 1423 1810 sibi,
1466 1741 1741 1816 quoniam
1768 1741 1905 1798 belli
1936 1740 2227 1800 fortunam
2254 1751 2465 1799 tentas-

493 1839 637 1898 sent,
665 1839 724 1886 et
751 1831 928 1886 armis
955 1831 1248 1907 congressi
1287 1849 1359 1888 ac
1384 1831 1645 1905 superati
1678 1841 1887 1900 emm,
1916 1831 2315 1906 stipendiarios
2342 1849 2467 1888 esse

495 1917 694 1975 factos.
779 1917 1052 1994 Magnam
1073 1918 1429 1976 Caesarem
1412 1919 1687 1994 injuriam
1716 1917 1927 1989 facere,
1956 1921 2059 1994 qui
2084 1939 2189 1976 suo
2218 1921 2467 1978 adventu

495 2005 806 2082 vectigalia
831 2007 940 2064 sibi
967 2006 1252 2065 deteriora
1282 2007 1521 2066 faceret.
1607 2007 1833 2065 Aeduis
1862 2027 1925 2065 se
1964 2009 2189 2066 obsides
2218 2008 2465 2068 redditu-

385 2098 470 2154 20
497 2111 627 2153 rum
653 2113 766 2153 non
793 2115 940 2167 esse,
969 2115 1160 2172 neque
1189 2098 1278 2169 iis,
1323 2115 1517 2174 neque
1558 2115 1761 2155 eorum
1788 2098 1961 2155 sociis
2000 2097 2219 2174 injuria
2247 2098 2466 2157 bellum

493 2184 812 2255 illaturum,
835 2187 884 2241 si
913 2186 972 2243 in
999 2206 1068 2243 eo
1089 2196 1409 2255 manerent,
1430 2188 1583 2262 quod
1604 2188 1983 2256 convenisset,
2006 2187 2467 2265 stipendiumque

493 2276 798 2350 quotannis
825 2275 1140 2351 penderent
1163 2296 1176 2333 :
1219 2277 1270 2332 si
1299 2276 1353 2333 id
1384 2295 1499 2333 non
1528 2275 1818 2346 fecissent,
1850 2278 2018 2353 longe
2046 2277 2117 2333 iis
2144 2274 2467 2334 fraternum

491 2382 700 2423 nomen
729 2364 932 2441 Populi
962 2364 1208 2423 Romani
1235 2363 1593 2423 abfuturum.
1679 2365 1849 2430 Quod
1872 2366 1979 2423 sibi
2000 2364 2221 2423 Caesar
2246 2364 2463 2422 denun-

491 2454 690 2523 ciaret‚
739 2474 802 2511 se
845 2453 1186 2511 Aeduorum
1235 2454 1481 2529 injurias
1530 2472 1643 2511 non
1690 2454 2130 2530 neglectui-urm
2176 2454 2465 2511 neminem

389 2548 468 2603 25
493 2560 691 2599 secum
718 2543 846 2599 sine
873 2560 982 2599 sua
1009 2543 1266 2618 pernicie
1306 2543 1687 2601 contendisse.
1770 2543 1973 2608 Quum
2002 2542 2195 2611 vellet,
2226 2560 2465 2617 congre-

491 2630 766 2705 deretur3
811 2632 1264 2700 intellecturum,
1287 2630 1427 2707 quid
1454 2632 1655 2689 invicti
1690 2630 1987 2699 Germani,
2006 2632 2464 2688 exercitatissimi

491 2721 552 2777 in
581 2722 773 2791 armis,
816 2720 920 2797 qui
966 2722 1117 2779 inter
1145 2740 1326 2779 annos
1364 2736 1471 2779 xlv
1500 2730 1717 2777 tectum
1756 2738 1869 2777 non
1918 2720 2221 2788 subissent,
2254 2720 2465 2777 virtute

491 2821 738 2885 possent.

572 2896 878 2957 XXXVII.
924 2898 1092 2957 Haec
1119 2898 1319 2957 eodem
1362 2908 1619 2974 tempore
1660 2850 1899 2956 Caesari
1938 2898 2210 2955 mandata
2252 2896 2462 2955 refere-

387 2991 466 3049 ³0
492 2988 718 3057 bantur,
747 2997 806 3045 et
847 2988 1022 3063 legati
1065 2989 1140 3045 ab
1169 2988 1395 3045 Aeduis
1438 2999 1497 3046 et
1522 3008 1561 3045 a
1588 2988 1853 3045 Treviris
1880 2988 2224 3045 veniebant:
2268 2986 2463 3043 Aedui

487 3086 775 3153 questum,
805 3076 954 3153 quod
997 3074 1286 3145 Harudes,
1325 3078 1427 3152 qui
1472 3095 1657 3152 nuper
1697 3078 1756 3133 in
1798 3077 2052 3134 Galliam
2100 3076 2465 3152 transportati

487 3176 696 3235 essent,
725 3167 874 3224 fines
907 3184 1108 3224 eorum
1138 3166 1553 3242 popularentur
1575 3187 1593 3239 3
1638 3186 1765 3224 sese
1794 3186 1867 3224 ne
1896 3168 2188 3224 obsidibus
2228 3166 2463 3241 quidem

487 3254 636 3313 datis
684 3275 888 3332 pacem
943 3256 1222 3313 Ariovisti
1271 3256 1553 3314 redimere
1610 3257 1899 3332 potuisse:
1964 3256 2199 3314 Treviri
2248 3264 2461 3324 autem,

489 3362 664 3419 pagos
717 3354 952 3403 centum
1001 3345 1327 3403 Suevorum
1384 3344 1456 3401 ad
1502 3346 1655 3421 ripas
1711 3346 1901 3403 Rheni
1956 3344 2301 3413 consedisse,
2358 3344 2459 3419 qui

384 3436 464 3495 86
489 3431 763 3489 Rhenum
787 3433 1032 3491 transire
1073 3443 1465 3506 conarentur3
1512 3435 1583 3491 iis
1624 3452 1889 3510 praeesse
1930 3434 2197 3490 Nasuam
2224 3442 2283 3489 et
2306 3431 2459 3488 cim.

487 3520 712 3577 berium
767 3520 992 3579 fratreS.
1077 3517 1308 3588 Quibus
1366 3522 1539 3580 rebus
1592 3522 1829 3592 Caesar,
1880 3522 2253 3579 vehementer
2306 3538 2458 3577 com-

485 3619 690 3679 motus,
747 3610 1154 3667 maturandum
1199 3602 1319 3667 'sibi
1374 3612 1740 3681 existimavit,
1790 3630 1885 3681 ne,
1942 3611 1993 3667 si
2047 3628 2199 3667 nova
2250 3626 2459 3665 manus

485 3696 812 3753 Suevorum
853 3715 992 3755 cum
1018 3699 1310 3755 veteribus
1350 3701 1529 3775 copiis
1558 3700 1837 3758 Ariovisti
1878 3718 2004 3757 sese
2046 3694 2456 3774 conjunxisset,

486 3784 680 3840 minus
723 3781 895 3841 facile
945 3784 1132 3841 resisti
1179 3796 1386 3859 posset.
1468 3786 1675 3861 Itaque
1722 3805 1785 3845 re
1840 3786 2239 3855 frumentaria,
2280 3800 2457 3862 quam
