<?xml version="1.0" encoding="UTF-8"?>
<!DOCTYPE html PUBLIC "-//W3C//DTD XHTML 1.0 Transitional//EN"
    "http://www.w3.org/TR/xhtml1/DTD/xhtml1-transitional.dtd">
<html xmlns="http://www.w3.org/1999/xhtml" xml:lang="en" lang="en">
 <head>
  <title>
</title>
<meta http-equiv="Content-Type" content="text/html;charset=utf-8" />
  <meta name='ocr-system' content='tesseract 3.04.00' />
  <meta name='ocr-capabilities' content='ocr_page ocr_carea ocr_par ocr_line ocrx_word'/>
</head>
<body>
  <div class='ocr_page' id='page_1' title='image "./cjuliuscaesarsc01spengoog_0035.png"; bbox 0 0 2709 4300; ppageno 0'>
   <div class='ocr_carea' id='block_1_1' title="bbox 231 275 2321 336">
    <p class='ocr_par' dir='ltr' id='par_1_1' title="bbox 231 275 2321 336">
     <span class='ocr_line' id='line_1_1' title="bbox 231 275 2321 336; baseline 0.003 -6"><span class='ocrx_word' id='word_1_1' title='bbox 231 283 350 330; x_wconf 65' lang='lat' dir='ltr'><strong>cu.</strong></span> <span class='ocrx_word' id='word_1_2' title='bbox 369 282 466 336; x_wconf 72' lang='lat' dir='ltr'><strong>sm</strong></span> <span class='ocrx_word' id='word_1_3' title='bbox 1043 283 1236 332; x_wconf 72' lang='lat' dir='ltr'><strong>Lm</strong></span> <span class='ocrx_word' id='word_1_4' title='bbox 1262 285 1521 334; x_wconf 70' lang='lat' dir='ltr'><strong>rmus,</strong></span> <span class='ocrx_word' id='word_1_5' title='bbox 2232 275 2321 336; x_wconf 63' lang='grc' dir='ltr'><strong><em>Μ</em></strong></span> 
     </span>
    </p>
   </div>
   <div class='ocr_carea' id='block_1_2' title="bbox 225 418 2319 1656">
    <p class='ocr_par' dir='ltr' id='par_1_2' title="bbox 231 418 2215 580">
     <span class='ocr_line' id='line_1_2' title="bbox 231 418 2215 495; baseline 0.003 -19"><span class='ocrx_word' id='word_1_6' title='bbox 231 419 350 476; x_wconf 79' lang='lat' dir='ltr'><strong>nisi</strong></span> <span class='ocrx_word' id='word_1_7' title='bbox 409 418 622 495; x_wconf 80' lang='lat' dir='ltr'><strong>quibus</strong></span> <span class='ocrx_word' id='word_1_8' title='bbox 689 420 986 478; x_wconf 83' lang='lat' dir='ltr'><strong>communi</strong></span> <span class='ocrx_word' id='word_1_9' title='bbox 1039 422 1280 480; x_wconf 88' lang='lat' dir='ltr'><strong>consilio</strong></span> <span class='ocrx_word' id='word_1_10' title='bbox 1331 421 1669 482; x_wconf 83' lang='lat' dir='ltr'><strong>mandatum</strong></span> <span class='ocrx_word' id='word_1_11' title='bbox 1722 431 1891 493; x_wconf 68' lang='lat' dir='ltr'><strong>anet,</strong></span> <span class='ocrx_word' id='word_1_12' title='bbox 1948 423 2099 482; x_wconf 83' lang='lat' dir='ltr'><strong>inter</strong></span> <span class='ocrx_word' id='word_1_13' title='bbox 2148 441 2215 482; x_wconf 80' lang='lat' dir='ltr'><strong>se</strong></span> 
     </span>
     <span class='ocr_line' id='line_1_3' title="bbox 231 518 899 580; baseline -0.001 -14"><span class='ocrx_word' id='word_1_14' title='bbox 231 518 577 566; x_wconf 76' lang='lat' dir='ltr'><strong>sanxerunt.</strong></span> <span class='ocrx_word' id='word_1_15' title='bbox 893 572 899 580; x_wconf 49' lang='grc'><em>,</em></span> 
     </span>
    </p>

    <p class='ocr_par' dir='ltr' id='par_1_3' title="bbox 225 594 2319 1656">
     <span class='ocr_line' id='line_1_4' title="bbox 318 594 2215 680; baseline 0.003 -24"><span class='ocrx_word' id='word_1_16' title='bbox 318 594 540 656; x_wconf 82' lang='lat' dir='ltr'><strong>xxxl.</strong></span> <span class='ocrx_word' id='word_1_17' title='bbox 584 597 676 656; x_wconf 89' lang='lat' dir='ltr'><strong>Eo</strong></span> <span class='ocrx_word' id='word_1_18' title='bbox 691 599 944 657; x_wconf 85' lang='lat' dir='ltr'><strong>concilio</strong></span> <span class='ocrx_word' id='word_1_19' title='bbox 969 599 1222 671; x_wconf 85' lang='lat' dir='ltr'><strong>dimisso,</strong></span> <span class='ocrx_word' id='word_1_20' title='bbox 1251 601 1425 659; x_wconf 89' lang='lat' dir='ltr'><strong>iidem</strong></span> <span class='ocrx_word' id='word_1_21' title='bbox 1454 603 1745 678; x_wconf 84' lang='lat' dir='ltr'><strong>principes</strong></span> <span class='ocrx_word' id='word_1_22' title='bbox 1770 603 2091 674; x_wconf 81' lang='lat' dir='ltr'><strong>civitatum,</strong></span> <span class='ocrx_word' id='word_1_23' title='bbox 2112 605 2215 680; x_wconf 87' lang='lat' dir='ltr'><strong>qui</strong></span> 
     </span>
     <span class='ocr_line' id='line_1_5' title="bbox 231 686 2215 774; baseline 0.004 -31"><span class='ocrx_word' id='word_1_24' title='bbox 231 697 372 744; x_wconf 80' lang='lat' dir='ltr'><strong>ante</strong></span> <span class='ocrx_word' id='word_1_25' title='bbox 401 686 632 744; x_wconf 84' lang='lat' dir='ltr'><strong>fuerant</strong></span> <span class='ocrx_word' id='word_1_26' title='bbox 669 688 740 744; x_wconf 85' lang='lat' dir='ltr'><strong>ad</strong></span> <span class='ocrx_word' id='word_1_27' title='bbox 767 688 1098 774; x_wconf 71' lang='lat' dir='ltr'><strong>Caesarem,</strong></span> <span class='ocrx_word' id='word_1_28' title='bbox 1129 701 1509 760; x_wconf 81' lang='lat' dir='ltr'><strong>reverterunt,</strong></span> <span class='ocrx_word' id='word_1_29' title='bbox 1528 691 1955 767; x_wconf 80' lang='lat' dir='ltr'><strong>petieruntque,</strong></span> <span class='ocrx_word' id='word_1_30' title='bbox 1994 694 2078 750; x_wconf 90' lang='lat' dir='ltr'><strong>uti</strong></span> <span class='ocrx_word' id='word_1_31' title='bbox 2104 693 2215 752; x_wconf 87' lang='lat' dir='ltr'><strong>sibi</strong></span> 
     </span>
     <span class='ocr_line' id='line_1_6' title="bbox 229 777 2279 858; baseline 0.005 -25"><span class='ocrx_word' id='word_1_32' title='bbox 229 785 460 834; x_wconf 76' lang='lat' dir='ltr'><strong>secreto</strong></span> <span class='ocrx_word' id='word_1_33' title='bbox 485 777 546 833; x_wconf 87' lang='lat' dir='ltr'><strong>in</strong></span> <span class='ocrx_word' id='word_1_34' title='bbox 587 777 818 834; x_wconf 90' lang='lat' dir='ltr'><strong>occulto</strong></span> <span class='ocrx_word' id='word_1_35' title='bbox 861 777 934 836; x_wconf 89' lang='lat' dir='ltr'><strong>de</strong></span> <span class='ocrx_word' id='word_1_36' title='bbox 981 796 1090 836; x_wconf 84' lang='lat' dir='ltr'><strong>sua</strong></span> <span class='ocrx_word' id='word_1_37' title='bbox 1121 780 1493 856; x_wconf 86' lang='lat' dir='ltr'><strong>omniumque</strong></span> <span class='ocrx_word' id='word_1_38' title='bbox 1520 781 1710 838; x_wconf 85' lang='lat' dir='ltr'><strong>salute</strong></span> <span class='ocrx_word' id='word_1_39' title='bbox 1748 799 1887 838; x_wconf 88' lang='lat' dir='ltr'><strong>cum</strong></span> <span class='ocrx_word' id='word_1_40' title='bbox 1930 801 2001 838; x_wconf 89' lang='lat' dir='ltr'><strong>eo</strong></span> <span class='ocrx_word' id='word_1_41' title='bbox 2038 801 2213 858; x_wconf 71' lang='lat' dir='ltr'><strong>agere</strong></span> <span class='ocrx_word' id='word_1_42' title='bbox 2238 791 2279 844; x_wconf 72' lang='lat'><strong>5</strong></span> 
     </span>
     <span class='ocr_line' id='line_1_7' title="bbox 230 865 2217 946; baseline 0.004 -24"><span class='ocrx_word' id='word_1_43' title='bbox 230 865 456 922; x_wconf 81' lang='lat' dir='ltr'><strong>liceret.</strong></span> <span class='ocrx_word' id='word_1_44' title='bbox 527 865 621 922; x_wconf 83' lang='lat' dir='ltr'><strong>Ea</strong></span> <span class='ocrx_word' id='word_1_45' title='bbox 647 884 710 923; x_wconf 89' lang='lat' dir='ltr'><strong>re</strong></span> <span class='ocrx_word' id='word_1_46' title='bbox 739 867 1060 942; x_wconf 84' lang='lat' dir='ltr'><strong>impetrata,</strong></span> <span class='ocrx_word' id='word_1_47' title='bbox 1079 885 1204 924; x_wconf 87' lang='lat' dir='ltr'><strong>sese</strong></span> <span class='ocrx_word' id='word_1_48' title='bbox 1231 887 1431 926; x_wconf 88' lang='lat' dir='ltr'><strong>omnes</strong></span> <span class='ocrx_word' id='word_1_49' title='bbox 1458 870 1661 926; x_wconf 82' lang='lat' dir='ltr'><strong>flentes</strong></span> <span class='ocrx_word' id='word_1_50' title='bbox 1680 869 1919 928; x_wconf 82' lang='lat' dir='ltr'><strong>Caesari</strong></span> <span class='ocrx_word' id='word_1_51' title='bbox 1948 871 2020 928; x_wconf 87' lang='lat' dir='ltr'><strong>ad</strong></span> <span class='ocrx_word' id='word_1_52' title='bbox 2041 871 2217 946; x_wconf 82' lang='lat' dir='ltr'><strong>pedes</strong></span> 
     </span>
     <span class='ocr_line' id='line_1_8' title="bbox 229 953 2213 1030; baseline 0.002 -18"><span class='ocrx_word' id='word_1_53' title='bbox 229 954 637 1030; x_wconf 69' lang='lat' dir='ltr'><strong>projecerunt:</strong></span> <span class='ocrx_word' id='word_1_54' title='bbox 681 953 814 1012; x_wconf 81' lang='lat' dir='ltr'><strong>Non</strong></span> <span class='ocrx_word' id='word_1_55' title='bbox 842 956 1036 1014; x_wconf 87' lang='lat' dir='ltr'><strong>minus</strong></span> <span class='ocrx_word' id='word_1_56' title='bbox 1063 975 1128 1014; x_wconf 84' lang='lat' dir='ltr'><strong>se</strong></span> <span class='ocrx_word' id='word_1_57' title='bbox 1154 956 1212 1013; x_wconf 91' lang='lat' dir='ltr'><strong>id</strong></span> <span class='ocrx_word' id='word_1_58' title='bbox 1239 958 1589 1015; x_wconf 84' lang='lat' dir='ltr'><strong>contendere</strong></span> <span class='ocrx_word' id='word_1_59' title='bbox 1615 967 1673 1016; x_wconf 88' lang='lat' dir='ltr'><strong>et</strong></span> <span class='ocrx_word' id='word_1_60' title='bbox 1710 958 1989 1028; x_wconf 82' lang='lat' dir='ltr'><strong>laborare,</strong></span> <span class='ocrx_word' id='word_1_61' title='bbox 2018 977 2093 1018; x_wconf 88' lang='lat' dir='ltr'><strong>ne</strong></span> <span class='ocrx_word' id='word_1_62' title='bbox 2120 979 2213 1030; x_wconf 87' lang='lat' dir='ltr'><strong>ea,</strong></span> 
     </span>
     <span class='ocr_line' id='line_1_9' title="bbox 229 1043 2213 1123; baseline 0.004 -24"><span class='ocrx_word' id='word_1_63' title='bbox 229 1061 388 1117; x_wconf 89' lang='lat' dir='ltr'><strong>quae</strong></span> <span class='ocrx_word' id='word_1_64' title='bbox 429 1043 723 1114; x_wconf 74' lang='lat' dir='ltr'><strong>dixissent,</strong></span> <span class='ocrx_word' id='word_1_65' title='bbox 767 1046 1238 1115; x_wconf 72' lang='lat' dir='ltr'><strong>enunciat-entur,</strong></span> <span class='ocrx_word' id='word_1_66' title='bbox 1281 1063 1459 1122; x_wconf 87' lang='lat' dir='ltr'><strong>quam</strong></span> <span class='ocrx_word' id='word_1_67' title='bbox 1510 1049 1593 1104; x_wconf 90' lang='lat' dir='ltr'><strong>uti</strong></span> <span class='ocrx_word' id='word_1_68' title='bbox 1640 1065 1731 1116; x_wconf 86' lang='lat' dir='ltr'><strong>ea,</strong></span> <span class='ocrx_word' id='word_1_69' title='bbox 1776 1067 1929 1123; x_wconf 85' lang='lat' dir='ltr'><strong>quae</strong></span> <span class='ocrx_word' id='word_1_70' title='bbox 1976 1049 2213 1120; x_wconf 79' lang='lat' dir='ltr'><strong>vellent,</strong></span> 
     </span>
     <span class='ocr_line' id='line_1_10' title="bbox 229 1133 2215 1210; baseline 0.003 -20"><span class='ocrx_word' id='word_1_71' title='bbox 229 1133 640 1208; x_wconf 81' lang='lat' dir='ltr'>impetrarent:</span> <span class='ocrx_word' id='word_1_72' title='bbox 682 1143 986 1210; x_wconf 86' lang='lat' dir='ltr'><strong>propterea</strong></span> <span class='ocrx_word' id='word_1_73' title='bbox 1011 1135 1179 1210; x_wconf 90' lang='lat' dir='ltr'><strong>quod,</strong></span> <span class='ocrx_word' id='word_1_74' title='bbox 1209 1137 1260 1193; x_wconf 88' lang='lat' dir='ltr'><strong>si</strong></span> <span class='ocrx_word' id='word_1_75' title='bbox 1301 1138 1681 1195; x_wconf 87' lang='lat' dir='ltr'><strong>enunciatum</strong></span> <span class='ocrx_word' id='word_1_76' title='bbox 1722 1146 1891 1206; x_wconf 79' lang='lat' dir='ltr'><strong>esset,</strong></span> <span class='ocrx_word' id='word_1_77' title='bbox 1920 1155 2215 1196; x_wconf 83' lang='lat' dir='ltr'><strong>summum</strong></span> 
     </span>
     <span class='ocr_line' id='line_1_11' title="bbox 228 1223 2319 1303; baseline 0.004 -25"><span class='ocrx_word' id='word_1_78' title='bbox 228 1223 292 1278; x_wconf 86' lang='lat' dir='ltr'><strong>in</strong></span> <span class='ocrx_word' id='word_1_79' title='bbox 341 1223 689 1280; x_wconf 51' lang='lat' dir='ltr'><strong>cruciatum‘</strong></span> <span class='ocrx_word' id='word_1_80' title='bbox 715 1241 778 1280; x_wconf 84' lang='lat' dir='ltr'><strong>se</strong></span> <span class='ocrx_word' id='word_1_81' title='bbox 823 1233 1092 1280; x_wconf 83' lang='lat' dir='ltr'><strong>venturos</strong></span> <span class='ocrx_word' id='word_1_82' title='bbox 1139 1225 1421 1282; x_wconf 82' lang='lat' dir='ltr'><strong>viderent.</strong></span> <span class='ocrx_word' id='word_1_83' title='bbox 1526 1224 1789 1284; x_wconf 80' lang='lat' dir='ltr'>Locutus</span> <span class='ocrx_word' id='word_1_84' title='bbox 1836 1236 1923 1284; x_wconf 80' lang='lat' dir='ltr'><strong>est</strong></span> <span class='ocrx_word' id='word_1_85' title='bbox 1977 1245 2077 1303; x_wconf 85' lang='lat' dir='ltr'><strong>pro</strong></span> <span class='ocrx_word' id='word_1_86' title='bbox 2124 1228 2213 1285; x_wconf 85' lang='lat' dir='ltr'><strong>his</strong></span> <span class='ocrx_word' id='word_1_87' title='bbox 2245 1231 2319 1286; x_wconf 85' lang='lat'><strong>10</strong></span> 
     </span>
     <span class='ocr_line' id='line_1_12' title="bbox 228 1309 2213 1375; baseline 0.004 -7"><span class='ocrx_word' id='word_1_88' title='bbox 228 1309 562 1369; x_wconf 78' lang='lat' dir='ltr'><strong>Divitiacus</strong></span> <span class='ocrx_word' id='word_1_89' title='bbox 599 1311 884 1369; x_wconf 85' lang='lat' dir='ltr'><strong>Aeduus:</strong></span> <span class='ocrx_word' id='word_1_90' title='bbox 929 1312 1160 1370; x_wconf 81' lang='lat' dir='ltr'><strong>Galliae</strong></span> <span class='ocrx_word' id='word_1_91' title='bbox 1201 1315 1373 1372; x_wconf 89' lang='lat' dir='ltr'><strong>totius</strong></span> <span class='ocrx_word' id='word_1_92' title='bbox 1417 1313 1696 1373; x_wconf 85' lang='lat' dir='ltr'><strong>factiones</strong></span> <span class='ocrx_word' id='word_1_93' title='bbox 1736 1333 1863 1372; x_wconf 87' lang='lat' dir='ltr'><strong>esse</strong></span> <span class='ocrx_word' id='word_1_94' title='bbox 1890 1315 2069 1374; x_wconf 86' lang='lat' dir='ltr'><strong>duas:</strong></span> <span class='ocrx_word' id='word_1_95' title='bbox 2112 1317 2213 1375; x_wconf 85' lang='lat' dir='ltr'><strong>ha-</strong></span> 
     </span>
     <span class='ocr_line' id='line_1_13' title="bbox 231 1400 2209 1478; baseline 0.003 -22"><span class='ocrx_word' id='word_1_96' title='bbox 231 1418 371 1456; x_wconf 87' lang='lat' dir='ltr'><strong>rum</strong></span> <span class='ocrx_word' id='word_1_97' title='bbox 394 1400 637 1458; x_wconf 77' lang='lat' dir='ltr'><strong>alterius</strong></span> <span class='ocrx_word' id='word_1_98' title='bbox 663 1402 1050 1478; x_wconf 70' lang='lat' dir='ltr'>principatum</span> <span class='ocrx_word' id='word_1_99' title='bbox 1091 1412 1290 1460; x_wconf 89' lang='lat' dir='ltr'><strong>tenere</strong></span> <span class='ocrx_word' id='word_1_100' title='bbox 1334 1402 1591 1472; x_wconf 86' lang='lat' dir='ltr'><strong>Aeduos,</strong></span> <span class='ocrx_word' id='word_1_101' title='bbox 1622 1404 1863 1462; x_wconf 86' lang='lat' dir='ltr'><strong>alterius</strong></span> <span class='ocrx_word' id='word_1_102' title='bbox 1890 1405 2209 1462; x_wconf 73' lang='lat' dir='ltr'><strong>Arvernae.</strong></span> 
     </span>
     <span class='ocr_line' id='line_1_14' title="bbox 227 1489 2213 1568; baseline -0.001 -20"><span class='ocrx_word' id='word_1_103' title='bbox 227 1489 316 1548; x_wconf 89' lang='lat' dir='ltr'><strong>Hi</strong></span> <span class='ocrx_word' id='word_1_104' title='bbox 344 1509 528 1565; x_wconf 87' lang='lat' dir='ltr'><strong>quum</strong></span> <span class='ocrx_word' id='word_1_105' title='bbox 569 1501 862 1568; x_wconf 88' lang='lat' dir='ltr'><strong>tantopere</strong></span> <span class='ocrx_word' id='word_1_106' title='bbox 907 1492 978 1549; x_wconf 91' lang='lat' dir='ltr'><strong>de</strong></span> <span class='ocrx_word' id='word_1_107' title='bbox 1007 1501 1300 1568; x_wconf 87' lang='lat' dir='ltr'><strong>potentatu</strong></span> <span class='ocrx_word' id='word_1_108' title='bbox 1329 1493 1479 1550; x_wconf 81' lang='lat' dir='ltr'><strong>inter</strong></span> <span class='ocrx_word' id='word_1_109' title='bbox 1506 1511 1569 1549; x_wconf 89' lang='lat' dir='ltr'><strong>se</strong></span> <span class='ocrx_word' id='word_1_110' title='bbox 1610 1492 1819 1549; x_wconf 87' lang='lat' dir='ltr'><strong>multos</strong></span> <span class='ocrx_word' id='word_1_111' title='bbox 1862 1511 2043 1550; x_wconf 84' lang='lat' dir='ltr'><strong>annos</strong></span> <span class='ocrx_word' id='word_1_112' title='bbox 2082 1512 2213 1552; x_wconf 84' lang='lat' dir='ltr'><strong>con.</strong></span> 
     </span>
     <span class='ocr_line' id='line_1_15' title="bbox 225 1578 2213 1656; baseline 0.001 -20"><span class='ocrx_word' id='word_1_113' title='bbox 225 1579 550 1648; x_wconf 84' lang='lat' dir='ltr'><strong>tenderent,</strong></span> <span class='ocrx_word' id='word_1_114' title='bbox 598 1578 817 1638; x_wconf 82' lang='lat' dir='ltr'><strong>factum</strong></span> <span class='ocrx_word' id='word_1_115' title='bbox 851 1601 999 1650; x_wconf 85' lang='lat' dir='ltr'><strong>esse,</strong></span> <span class='ocrx_word' id='word_1_116' title='bbox 1048 1582 1133 1638; x_wconf 90' lang='lat' dir='ltr'><strong>uti</strong></span> <span class='ocrx_word' id='word_1_117' title='bbox 1173 1581 1246 1640; x_wconf 89' lang='lat' dir='ltr'><strong>ab</strong></span> <span class='ocrx_word' id='word_1_118' title='bbox 1287 1581 1575 1638; x_wconf 81' lang='lat' dir='ltr'><strong>Arvernis</strong></span> <span class='ocrx_word' id='word_1_119' title='bbox 1618 1580 2017 1656; x_wconf 72' lang='lat' dir='ltr'><strong>Sequanisque</strong></span> <span class='ocrx_word' id='word_1_120' title='bbox 2068 1581 2213 1640; x_wconf 85' lang='lat' dir='ltr'><strong>Ger-</strong></span> 
     </span>
    </p>
   </div>
   <div class='ocr_carea' id='block_1_3' title="bbox 227 1669 2439 1746">
    <p class='ocr_par' dir='ltr' id='par_1_4' title="bbox 227 1669 2439 1746">
     <span class='ocr_line' id='line_1_16' title="bbox 227 1669 2439 1746; baseline 0.004 -22"><span class='ocrx_word' id='word_1_121' title='bbox 227 1669 391 1725; x_wconf 87' lang='lat' dir='ltr'><strong>mani</strong></span> <span class='ocrx_word' id='word_1_122' title='bbox 433 1669 700 1728; x_wconf 81' lang='lat' dir='ltr'><strong>mercede</strong></span> <span class='ocrx_word' id='word_1_123' title='bbox 743 1681 1191 1728; x_wconf 73' lang='lat' dir='ltr'><strong>arcesserentur.</strong></span> <span class='ocrx_word' id='word_1_124' title='bbox 1277 1669 1505 1728; x_wconf 86' lang='lat' dir='ltr'><strong>Horum</strong></span> <span class='ocrx_word' id='word_1_125' title='bbox 1546 1671 1729 1746; x_wconf 86' lang='lat' dir='ltr'><strong>primo</strong></span> <span class='ocrx_word' id='word_1_126' title='bbox 1770 1671 2005 1728; x_wconf 77' lang='lat' dir='ltr'><strong>circiter</strong></span> <span class='ocrx_word' id='word_1_127' title='bbox 2032 1672 2215 1730; x_wconf 84' lang='lat' dir='ltr'><strong>millia</strong></span> <span class='ocrx_word' id='word_1_128' title='bbox 2244 1675 2317 1732; x_wconf 69' lang='lat'><strong>15</strong></span> <span class='ocrx_word' id='word_1_129' title='bbox 2426 1733 2439 1746; x_wconf 80' lang='lat'>.</span> 
     </span>
    </p>
   </div>
   <div class='ocr_carea' id='block_1_4' title="bbox 169 1757 2317 3888">
    <p class='ocr_par' dir='ltr' id='par_1_5' title="bbox 169 1757 2317 3888">
     <span class='ocr_line' id='line_1_17' title="bbox 229 1757 2215 1837; baseline 0.002 -21"><span class='ocrx_word' id='word_1_130' title='bbox 229 1775 320 1816; x_wconf 72' lang='lat' dir='ltr'><strong>xv·</strong></span> <span class='ocrx_word' id='word_1_131' title='bbox 358 1757 645 1815; x_wconf 84' lang='lat' dir='ltr'><strong>Rhenum·</strong></span> <span class='ocrx_word' id='word_1_132' title='bbox 672 1760 980 1816; x_wconf 75' lang='lat' dir='ltr'><strong>transisse:</strong></span> <span class='ocrx_word' id='word_1_133' title='bbox 1022 1768 1393 1835; x_wconf 81' lang='lat' dir='ltr'><strong>posteaquam</strong></span> <span class='ocrx_word' id='word_1_134' title='bbox 1423 1777 1593 1836; x_wconf 82' lang='lat' dir='ltr'><strong>agros</strong></span> <span class='ocrx_word' id='word_1_135' title='bbox 1616 1769 1675 1816; x_wconf 89' lang='lat' dir='ltr'><strong>et</strong></span> <span class='ocrx_word' id='word_1_136' title='bbox 1700 1759 1927 1819; x_wconf 87' lang='lat' dir='ltr'><strong>cultum</strong></span> <span class='ocrx_word' id='word_1_137' title='bbox 1946 1771 2005 1818; x_wconf 88' lang='lat' dir='ltr'><strong>et</strong></span> <span class='ocrx_word' id='word_1_138' title='bbox 2020 1761 2215 1837; x_wconf 87' lang='lat' dir='ltr'><strong>copias</strong></span> 
     </span>
     <span class='ocr_line' id='line_1_18' title="bbox 229 1846 2215 1919; baseline 0.002 -15"><span class='ocrx_word' id='word_1_139' title='bbox 229 1846 540 1904; x_wconf 85' lang='lat' dir='ltr'><strong>Gallorum</strong></span> <span class='ocrx_word' id='word_1_140' title='bbox 593 1847 852 1904; x_wconf 84' lang='lat' dir='ltr'><strong>homines</strong></span> <span class='ocrx_word' id='word_1_141' title='bbox 907 1847 1016 1906; x_wconf 81' lang='lat' dir='ltr'><strong>feri</strong></span> <span class='ocrx_word' id='word_1_142' title='bbox 1073 1866 1142 1904; x_wconf 90' lang='lat' dir='ltr'><strong>ac</strong></span> <span class='ocrx_word' id='word_1_143' title='bbox 1197 1849 1429 1906; x_wconf 84' lang='lat' dir='ltr'><strong>barbari</strong></span> <span class='ocrx_word' id='word_1_144' title='bbox 1477 1848 1859 1919; x_wconf 79' lang='lat' dir='ltr'><strong>adamassem,</strong></span> <span class='ocrx_word' id='word_1_145' title='bbox 1917 1850 2215 1908; x_wconf 83' lang='lat' dir='ltr'><strong>traductos</strong></span> 
     </span>
     <span class='ocr_line' id='line_1_19' title="bbox 227 1936 2211 2012; baseline 0.003 -20"><span class='ocrx_word' id='word_1_146' title='bbox 227 1936 462 2012; x_wconf 85' lang='lat' dir='ltr'><strong>plures:</strong></span> <span class='ocrx_word' id='word_1_147' title='bbox 503 1954 662 1994; x_wconf 86' lang='lat' dir='ltr'><strong>nunc</strong></span> <span class='ocrx_word' id='word_1_148' title='bbox 697 1955 826 1994; x_wconf 86' lang='lat' dir='ltr'><strong>esse</strong></span> <span class='ocrx_word' id='word_1_149' title='bbox 873 1939 934 1994; x_wconf 86' lang='lat' dir='ltr'><strong>in</strong></span> <span class='ocrx_word' id='word_1_150' title='bbox 973 1937 1172 1995; x_wconf 87' lang='lat' dir='ltr'><strong>Gallia</strong></span> <span class='ocrx_word' id='word_1_151' title='bbox 1199 1937 1270 1994; x_wconf 85' lang='lat' dir='ltr'><strong>ad</strong></span> <span class='ocrx_word' id='word_1_152' title='bbox 1311 1957 1344 1996; x_wconf 90' lang='lat' dir='ltr'><strong>c</strong></span> <span class='ocrx_word' id='word_1_153' title='bbox 1386 1947 1445 1995; x_wconf 90' lang='lat' dir='ltr'><strong>et</strong></span> <span class='ocrx_word' id='word_1_154' title='bbox 1483 1955 1565 1996; x_wconf 85' lang='lat' dir='ltr'><strong>xx</strong></span> <span class='ocrx_word' id='word_1_155' title='bbox 1591 1937 1839 1996; x_wconf 88' lang='lat' dir='ltr'><strong>millium</strong></span> <span class='ocrx_word' id='word_1_156' title='bbox 1864 1957 2211 1998; x_wconf 84' lang='lat' dir='ltr'><strong>numerum:</strong></span> 
     </span>
     <span class='ocr_line' id='line_1_20' title="bbox 225 2025 2213 2104; baseline 0.002 -21"><span class='ocrx_word' id='word_1_157' title='bbox 225 2041 370 2083; x_wconf 87' lang='lat' dir='ltr'><strong>cum</strong></span> <span class='ocrx_word' id='word_1_158' title='bbox 390 2025 482 2083; x_wconf 89' lang='lat' dir='ltr'><strong>his</strong></span> <span class='ocrx_word' id='word_1_159' title='bbox 497 2026 752 2095; x_wconf 76' lang='lat' dir='ltr'><strong>Aeduos,</strong></span> <span class='ocrx_word' id='word_1_160' title='bbox 775 2044 1090 2102; x_wconf 86' lang='lat' dir='ltr'><strong>eorumque</strong></span> <span class='ocrx_word' id='word_1_161' title='bbox 1117 2026 1361 2086; x_wconf 81' lang='lat' dir='ltr'><strong>clientes</strong></span> <span class='ocrx_word' id='word_1_162' title='bbox 1386 2027 1567 2085; x_wconf 85' lang='lat' dir='ltr'><strong>semel</strong></span> <span class='ocrx_word' id='word_1_163' title='bbox 1595 2037 1767 2104; x_wconf 88' lang='lat' dir='ltr'><strong>atque</strong></span> <span class='ocrx_word' id='word_1_164' title='bbox 1794 2029 2007 2088; x_wconf 86' lang='lat' dir='ltr'><strong>iterum</strong></span> <span class='ocrx_word' id='word_1_165' title='bbox 2034 2030 2213 2087; x_wconf 82' lang='lat' dir='ltr'><strong>armis</strong></span> 
     </span>
     <span class='ocr_line' id='line_1_21' title="bbox 225 2110 2317 2195; baseline 0 -22"><span class='ocrx_word' id='word_1_166' title='bbox 225 2110 626 2189; x_wconf 83' lang='lat' dir='ltr'><strong>contendisse3</strong></span> <span class='ocrx_word' id='word_1_167' title='bbox 671 2133 944 2193; x_wconf 81' lang='lat' dir='ltr'><strong>magnam</strong></span> <span class='ocrx_word' id='word_1_168' title='bbox 971 2116 1361 2175; x_wconf 75' lang='lat' dir='ltr'><strong>calamitatem</strong></span> <span class='ocrx_word' id='word_1_169' title='bbox 1402 2116 1597 2193; x_wconf 81' lang='lat' dir='ltr'><strong>pulsos</strong></span> <span class='ocrx_word' id='word_1_170' title='bbox 1641 2117 1953 2195; x_wconf 86' lang='lat' dir='ltr'><strong>accepisse,</strong></span> <span class='ocrx_word' id='word_1_171' title='bbox 1982 2134 2211 2177; x_wconf 87' lang='lat' dir='ltr'><strong>omnem</strong></span> <span class='ocrx_word' id='word_1_172' title='bbox 2235 2117 2317 2175; x_wconf 80' lang='lat'><strong>20</strong></span> 
     </span>
     <span class='ocr_line' id='line_1_22' title="bbox 225 2204 2207 2284; baseline 0.002 -22"><span class='ocrx_word' id='word_1_173' title='bbox 225 2204 602 2275; x_wconf 79' lang='lat' dir='ltr'><strong>nobilitatem,</strong></span> <span class='ocrx_word' id='word_1_174' title='bbox 651 2222 879 2263; x_wconf 86' lang='lat' dir='ltr'><strong>omnem</strong></span> <span class='ocrx_word' id='word_1_175' title='bbox 927 2214 1226 2281; x_wconf 51' lang='lat' dir='ltr'><strong>senatum„</strong></span> <span class='ocrx_word' id='word_1_176' title='bbox 1263 2224 1495 2264; x_wconf 87' lang='lat' dir='ltr'><strong>omnem</strong></span> <span class='ocrx_word' id='word_1_177' title='bbox 1550 2208 1869 2284; x_wconf 83' lang='lat' dir='ltr'><strong>equitatum</strong></span> <span class='ocrx_word' id='word_1_178' title='bbox 1924 2208 2207 2265; x_wconf 85' lang='lat' dir='ltr'><strong>amisisse.</strong></span> 
     </span>
     <span class='ocr_line' id='line_1_23' title="bbox 226 2294 2213 2372; baseline 0.002 -21"><span class='ocrx_word' id='word_1_179' title='bbox 226 2294 464 2359; x_wconf 80' lang='lat' dir='ltr'><strong>Quibus</strong></span> <span class='ocrx_word' id='word_1_180' title='bbox 485 2295 718 2370; x_wconf 86' lang='lat' dir='ltr'><strong>proeliis</strong></span> <span class='ocrx_word' id='word_1_181' title='bbox 745 2295 1284 2370; x_wconf 77' lang='lat' dir='ltr'><strong>calamitatibusque</strong></span> <span class='ocrx_word' id='word_1_182' title='bbox 1314 2295 1544 2365; x_wconf 75' lang='lat' dir='ltr'><strong>fractoS,</strong></span> <span class='ocrx_word' id='word_1_183' title='bbox 1566 2296 1669 2372; x_wconf 88' lang='lat' dir='ltr'><strong>qui</strong></span> <span class='ocrx_word' id='word_1_184' title='bbox 1694 2307 1755 2353; x_wconf 87' lang='lat' dir='ltr'><strong>et</strong></span> <span class='ocrx_word' id='word_1_185' title='bbox 1779 2314 1889 2353; x_wconf 88' lang='lat' dir='ltr'><strong>sua</strong></span> <span class='ocrx_word' id='word_1_186' title='bbox 1914 2297 2127 2355; x_wconf 85' lang='lat' dir='ltr'><strong>virtute</strong></span> <span class='ocrx_word' id='word_1_187' title='bbox 2152 2306 2213 2355; x_wconf 91' lang='lat' dir='ltr'><strong>et</strong></span> 
     </span>
     <span class='ocr_line' id='line_1_24' title="bbox 227 2381 2212 2460; baseline 0.002 -21"><span class='ocrx_word' id='word_1_188' title='bbox 227 2381 436 2459; x_wconf 88' lang='lat' dir='ltr'><strong>Populi</strong></span> <span class='ocrx_word' id='word_1_189' title='bbox 480 2383 728 2441; x_wconf 87' lang='lat' dir='ltr'><strong>Romani</strong></span> <span class='ocrx_word' id='word_1_190' title='bbox 781 2383 1022 2460; x_wconf 86' lang='lat' dir='ltr'><strong>hospitio</strong></span> <span class='ocrx_word' id='word_1_191' title='bbox 1075 2393 1246 2459; x_wconf 92' lang='lat' dir='ltr'><strong>atque</strong></span> <span class='ocrx_word' id='word_1_192' title='bbox 1297 2386 1553 2443; x_wconf 88' lang='lat' dir='ltr'><strong>amicitia</strong></span> <span class='ocrx_word' id='word_1_193' title='bbox 1601 2384 1915 2460; x_wconf 86' lang='lat' dir='ltr'><strong>plurimum</strong></span> <span class='ocrx_word' id='word_1_194' title='bbox 1964 2394 2097 2441; x_wconf 81' lang='lat' dir='ltr'><strong>ante</strong></span> <span class='ocrx_word' id='word_1_195' title='bbox 2150 2386 2212 2441; x_wconf 87' lang='lat' dir='ltr'><strong>in</strong></span> 
     </span>
     <span class='ocr_line' id='line_1_25' title="bbox 169 2471 2211 2550; baseline -0.001 -19"><span class='ocrx_word' id='word_1_196' title='bbox 169 2536 184 2550; x_wconf 58' lang='lat'>‚</span> <span class='ocrx_word' id='word_1_197' title='bbox 229 2472 432 2531; x_wconf 84' lang='lat' dir='ltr'><strong>Gallia</strong></span> <span class='ocrx_word' id='word_1_198' title='bbox 457 2474 790 2549; x_wconf 86' lang='lat' dir='ltr'><strong>potuissent,</strong></span> <span class='ocrx_word' id='word_1_199' title='bbox 819 2483 1050 2531; x_wconf 87' lang='lat' dir='ltr'><strong>coactos</strong></span> <span class='ocrx_word' id='word_1_200' title='bbox 1076 2492 1204 2531; x_wconf 90' lang='lat' dir='ltr'><strong>esse</strong></span> <span class='ocrx_word' id='word_1_201' title='bbox 1237 2474 1523 2549; x_wconf 84' lang='lat' dir='ltr'><strong>Sequanis</strong></span> <span class='ocrx_word' id='word_1_202' title='bbox 1550 2472 1775 2530; x_wconf 84' lang='lat' dir='ltr'><strong>obsides</strong></span> <span class='ocrx_word' id='word_1_203' title='bbox 1801 2471 1941 2529; x_wconf 83' lang='lat' dir='ltr'><strong>dare</strong></span> <span class='ocrx_word' id='word_1_204' title='bbox 1982 2471 2211 2529; x_wconf 86' lang='lat' dir='ltr'><strong>nobilis-</strong></span> 
     </span>
     <span class='ocr_line' id='line_1_26' title="bbox 226 2562 2315 2638; baseline 0 -19"><span class='ocrx_word' id='word_1_205' title='bbox 226 2562 405 2619; x_wconf 86' lang='lat' dir='ltr'><strong>simos</strong></span> <span class='ocrx_word' id='word_1_206' title='bbox 457 2564 726 2632; x_wconf 85' lang='lat' dir='ltr'><strong>civitatis,</strong></span> <span class='ocrx_word' id='word_1_207' title='bbox 781 2572 838 2620; x_wconf 90' lang='lat' dir='ltr'><strong>et</strong></span> <span class='ocrx_word' id='word_1_208' title='bbox 885 2563 1268 2638; x_wconf 84' lang='lat' dir='ltr'><strong>jurejurando</strong></span> <span class='ocrx_word' id='word_1_209' title='bbox 1315 2563 1611 2621; x_wconf 82' lang='lat' dir='ltr'><strong>civitatem</strong></span> <span class='ocrx_word' id='word_1_210' title='bbox 1657 2562 2031 2638; x_wconf 83' lang='lat' dir='ltr'><strong>obstringere,</strong></span> <span class='ocrx_word' id='word_1_211' title='bbox 2082 2580 2209 2619; x_wconf 85' lang='lat' dir='ltr'><strong>sese</strong></span> <span class='ocrx_word' id='word_1_212' title='bbox 2234 2564 2315 2619; x_wconf 76' lang='lat'><strong>25</strong></span> 
     </span>
     <span class='ocr_line' id='line_1_27' title="bbox 225 2650 2212 2728; baseline 0 -19"><span class='ocrx_word' id='word_1_213' title='bbox 225 2668 420 2727; x_wconf 85' lang='lat' dir='ltr'><strong>neque</strong></span> <span class='ocrx_word' id='word_1_214' title='bbox 447 2650 670 2709; x_wconf 87' lang='lat' dir='ltr'><strong>obsides</strong></span> <span class='ocrx_word' id='word_1_215' title='bbox 699 2652 1066 2728; x_wconf 74' lang='lat' dir='ltr'><strong>repetituros,</strong></span> <span class='ocrx_word' id='word_1_216' title='bbox 1095 2670 1286 2728; x_wconf 87' lang='lat' dir='ltr'><strong>neque</strong></span> <span class='ocrx_word' id='word_1_217' title='bbox 1327 2650 1612 2709; x_wconf 81' lang='lat' dir='ltr'><strong>auxilium</strong></span> <span class='ocrx_word' id='word_1_218' title='bbox 1640 2670 1677 2707; x_wconf 89' lang='lat' dir='ltr'><strong>a</strong></span> <span class='ocrx_word' id='word_1_219' title='bbox 1704 2650 1921 2725; x_wconf 89' lang='lat' dir='ltr'><strong>Populo</strong></span> <span class='ocrx_word' id='word_1_220' title='bbox 1950 2650 2212 2709; x_wconf 81' lang='lat' dir='ltr'><strong>Romano</strong></span> 
     </span>
     <span class='ocr_line' id='line_1_28' title="bbox 227 2739 2209 2818; baseline -0.001 -19"><span class='ocrx_word' id='word_1_221' title='bbox 227 2742 652 2818; x_wconf 84' lang='lat' dir='ltr'><strong>imploraturos,</strong></span> <span class='ocrx_word' id='word_1_222' title='bbox 673 2760 862 2817; x_wconf 88' lang='lat' dir='ltr'><strong>neque</strong></span> <span class='ocrx_word' id='word_1_223' title='bbox 891 2751 1280 2810; x_wconf 81' lang='lat' dir='ltr'><strong>recusaturos,</strong></span> <span class='ocrx_word' id='word_1_224' title='bbox 1303 2760 1421 2816; x_wconf 89' lang='lat' dir='ltr'><strong>quo</strong></span> <span class='ocrx_word' id='word_1_225' title='bbox 1436 2740 1629 2797; x_wconf 87' lang='lat' dir='ltr'><strong>minus</strong></span> <span class='ocrx_word' id='word_1_226' title='bbox 1649 2748 1923 2815; x_wconf 87' lang='lat' dir='ltr'><strong>perpetuo</strong></span> <span class='ocrx_word' id='word_1_227' title='bbox 1948 2740 2057 2797; x_wconf 87' lang='lat' dir='ltr'><strong>sub</strong></span> <span class='ocrx_word' id='word_1_228' title='bbox 2086 2739 2209 2797; x_wconf 90' lang='lat' dir='ltr'><strong>illo-</strong></span> 
     </span>
     <span class='ocr_line' id='line_1_29' title="bbox 227 2828 2211 2906; baseline -0.001 -18"><span class='ocrx_word' id='word_1_229' title='bbox 227 2850 362 2888; x_wconf 83' lang='lat' dir='ltr'><strong>rum</strong></span> <span class='ocrx_word' id='word_1_230' title='bbox 403 2830 612 2889; x_wconf 88' lang='lat' dir='ltr'><strong>ditione</strong></span> <span class='ocrx_word' id='word_1_231' title='bbox 655 2841 826 2906; x_wconf 87' lang='lat' dir='ltr'><strong>atque</strong></span> <span class='ocrx_word' id='word_1_232' title='bbox 865 2831 1106 2906; x_wconf 90' lang='lat' dir='ltr'><strong>imperio</strong></span> <span class='ocrx_word' id='word_1_233' title='bbox 1145 2839 1354 2887; x_wconf 81' lang='lat' dir='ltr'><strong>essent.</strong></span> <span class='ocrx_word' id='word_1_234' title='bbox 1439 2828 1638 2886; x_wconf 84' lang='lat' dir='ltr'><strong>Unum</strong></span> <span class='ocrx_word' id='word_1_235' title='bbox 1678 2846 1741 2884; x_wconf 92' lang='lat' dir='ltr'><strong>se</strong></span> <span class='ocrx_word' id='word_1_236' title='bbox 1780 2846 1908 2885; x_wconf 84' lang='lat' dir='ltr'><strong>esse</strong></span> <span class='ocrx_word' id='word_1_237' title='bbox 1948 2844 2021 2885; x_wconf 86' lang='lat' dir='ltr'><strong>ex</strong></span> <span class='ocrx_word' id='word_1_238' title='bbox 2054 2828 2211 2886; x_wconf 86' lang='lat' dir='ltr'><strong>omni</strong></span> 
     </span>
     <span class='ocr_line' id='line_1_30' title="bbox 227 2915 2211 2995; baseline -0.002 -18"><span class='ocrx_word' id='word_1_239' title='bbox 227 2920 462 2977; x_wconf 81' lang='lat' dir='ltr'><strong>civitate</strong></span> <span class='ocrx_word' id='word_1_240' title='bbox 503 2918 863 2989; x_wconf 87' lang='lat' dir='ltr'><strong>Aeduorum,</strong></span> <span class='ocrx_word' id='word_1_241' title='bbox 893 2921 996 2995; x_wconf 91' lang='lat' dir='ltr'><strong>qui</strong></span> <span class='ocrx_word' id='word_1_242' title='bbox 1035 2918 1246 2976; x_wconf 89' lang='lat' dir='ltr'><strong>adduci</strong></span> <span class='ocrx_word' id='word_1_243' title='bbox 1283 2936 1399 2975; x_wconf 85' lang='lat' dir='ltr'><strong>non</strong></span> <span class='ocrx_word' id='word_1_244' title='bbox 1440 2915 1703 2993; x_wconf 87' lang='lat' dir='ltr'><strong>potuerit,</strong></span> <span class='ocrx_word' id='word_1_245' title='bbox 1736 2926 1799 2973; x_wconf 89' lang='lat' dir='ltr'><strong>ut</strong></span> <span class='ocrx_word' id='word_1_246' title='bbox 1834 2916 2078 2991; x_wconf 87' lang='lat' dir='ltr'><strong>juraret,</strong></span> <span class='ocrx_word' id='word_1_247' title='bbox 2110 2927 2211 2975; x_wconf 85' lang='lat' dir='ltr'><strong>aut</strong></span> 
     </span>
     <span class='ocr_line' id='line_1_31' title="bbox 227 3006 2315 3082; baseline -0.001 -16"><span class='ocrx_word' id='word_1_248' title='bbox 227 3028 364 3067; x_wconf 80' lang='lat' dir='ltr'><strong>suos</strong></span> <span class='ocrx_word' id='word_1_249' title='bbox 391 3009 602 3067; x_wconf 85' lang='lat' dir='ltr'><strong>liberos</strong></span> <span class='ocrx_word' id='word_1_250' title='bbox 627 3008 852 3067; x_wconf 86' lang='lat' dir='ltr'><strong>obsides</strong></span> <span class='ocrx_word' id='word_1_251' title='bbox 877 3009 1060 3066; x_wconf 87' lang='lat' dir='ltr'><strong>daret.</strong></span> <span class='ocrx_word' id='word_1_252' title='bbox 1145 3006 1238 3065; x_wconf 90' lang='lat' dir='ltr'><strong>Ob</strong></span> <span class='ocrx_word' id='word_1_253' title='bbox 1275 3025 1409 3065; x_wconf 89' lang='lat' dir='ltr'><strong>eam</strong></span> <span class='ocrx_word' id='word_1_254' title='bbox 1446 3024 1571 3064; x_wconf 87' lang='lat' dir='ltr'><strong>rem</strong></span> <span class='ocrx_word' id='word_1_255' title='bbox 1596 3026 1659 3065; x_wconf 88' lang='lat' dir='ltr'><strong>se</strong></span> <span class='ocrx_word' id='word_1_256' title='bbox 1696 3026 1771 3065; x_wconf 83' lang='lat' dir='ltr'><strong>ex</strong></span> <span class='ocrx_word' id='word_1_257' title='bbox 1812 3007 2045 3064; x_wconf 87' lang='lat' dir='ltr'><strong>civitate</strong></span> <span class='ocrx_word' id='word_1_258' title='bbox 2084 3022 2208 3082; x_wconf 88' lang='lat' dir='ltr'><strong>pro-</strong></span> <span class='ocrx_word' id='word_1_259' title='bbox 2236 3006 2315 3063; x_wconf 81' lang='lat'><strong>30</strong></span> 
     </span>
     <span class='ocr_line' id='line_1_32' title="bbox 229 3094 2209 3177; baseline -0.003 -20"><span class='ocrx_word' id='word_1_260' title='bbox 229 3098 467 3177; x_wconf 80' lang='lat' dir='ltr'><strong>fugisse,</strong></span> <span class='ocrx_word' id='word_1_261' title='bbox 509 3110 566 3157; x_wconf 90' lang='lat' dir='ltr'><strong>et</strong></span> <span class='ocrx_word' id='word_1_262' title='bbox 594 3099 840 3157; x_wconf 88' lang='lat' dir='ltr'><strong>Romam</strong></span> <span class='ocrx_word' id='word_1_263' title='bbox 867 3098 940 3157; x_wconf 86' lang='lat' dir='ltr'><strong>ad</strong></span> <span class='ocrx_word' id='word_1_264' title='bbox 967 3108 1234 3156; x_wconf 84' lang='lat' dir='ltr'><strong>senatum</strong></span> <span class='ocrx_word' id='word_1_265' title='bbox 1255 3098 1503 3166; x_wconf 81' lang='lat' dir='ltr'><strong>venisse,</strong></span> <span class='ocrx_word' id='word_1_266' title='bbox 1534 3097 1819 3154; x_wconf 82' lang='lat' dir='ltr'><strong>auxilium</strong></span> <span class='ocrx_word' id='word_1_267' title='bbox 1840 3094 2209 3172; x_wconf 84' lang='lat' dir='ltr'><strong>postulatum,</strong></span> 
     </span>
     <span class='ocr_line' id='line_1_33' title="bbox 225 3185 2205 3264; baseline -0.003 -18"><span class='ocrx_word' id='word_1_268' title='bbox 225 3188 382 3264; x_wconf 91' lang='lat' dir='ltr'><strong>quod</strong></span> <span class='ocrx_word' id='word_1_269' title='bbox 431 3188 608 3245; x_wconf 82' lang='lat' dir='ltr'><strong>solus-</strong></span> <span class='ocrx_word' id='word_1_270' title='bbox 639 3206 828 3264; x_wconf 87' lang='lat' dir='ltr'><strong>neque</strong></span> <span class='ocrx_word' id='word_1_271' title='bbox 885 3186 1268 3263; x_wconf 86' lang='lat' dir='ltr'><strong>jurejurando</strong></span> <span class='ocrx_word' id='word_1_272' title='bbox 1313 3205 1505 3263; x_wconf 89' lang='lat' dir='ltr'><strong>neque</strong></span> <span class='ocrx_word' id='word_1_273' title='bbox 1553 3185 1847 3243; x_wconf 83' lang='lat' dir='ltr'><strong>obsidibus</strong></span> <span class='ocrx_word' id='word_1_274' title='bbox 1890 3193 2205 3242; x_wconf 85' lang='lat' dir='ltr'><strong>teneretur.</strong></span> 
     </span>
     <span class='ocr_line' id='line_1_34' title="bbox 227 3273 2207 3354; baseline -0.002 -19"><span class='ocrx_word' id='word_1_275' title='bbox 227 3277 343 3335; x_wconf 84' lang='lat' dir='ltr'><strong>Sed</strong></span> <span class='ocrx_word' id='word_1_276' title='bbox 371 3278 538 3354; x_wconf 88' lang='lat' dir='ltr'><strong>pejus</strong></span> <span class='ocrx_word' id='word_1_277' title='bbox 565 3277 880 3335; x_wconf 80' lang='lat' dir='ltr'><strong>victoribus</strong></span> <span class='ocrx_word' id='word_1_278' title='bbox 917 3277 1223 3352; x_wconf 87' lang='lat' dir='ltr'><strong>Sequanis,</strong></span> <span class='ocrx_word' id='word_1_279' title='bbox 1245 3295 1423 3351; x_wconf 83' lang='lat' dir='ltr'><strong>quam</strong></span> <span class='ocrx_word' id='word_1_280' title='bbox 1452 3275 1679 3333; x_wconf 86' lang='lat' dir='ltr'><strong>Aeduis</strong></span> <span class='ocrx_word' id='word_1_281' title='bbox 1700 3274 1883 3343; x_wconf 83' lang='lat' dir='ltr'><strong>victis,</strong></span> <span class='ocrx_word' id='word_1_282' title='bbox 1908 3273 2207 3343; x_wconf 86' lang='lat' dir='ltr'><strong>accidisse,</strong></span> 
     </span>
     <span class='ocr_line' id='line_1_35' title="bbox 225 3362 2209 3443; baseline -0.002 -21"><span class='ocrx_word' id='word_1_283' title='bbox 225 3376 530 3443; x_wconf 82' lang='lat' dir='ltr'><strong>propterea</strong></span> <span class='ocrx_word' id='word_1_284' title='bbox 551 3366 700 3441; x_wconf 87' lang='lat' dir='ltr'><strong>quod</strong></span> <span class='ocrx_word' id='word_1_285' title='bbox 723 3366 1070 3435; x_wconf 70' lang='lat' dir='ltr'><strong>Ariovistusi,</strong></span> <span class='ocrx_word' id='word_1_286' title='bbox 1095 3382 1197 3422; x_wconf 87' lang='lat' dir='ltr'><strong>rex</strong></span> <span class='ocrx_word' id='word_1_287' title='bbox 1221 3364 1668 3432; x_wconf 83' lang='lat' dir='ltr'><strong>Germanorum,</strong></span> <span class='ocrx_word' id='word_1_288' title='bbox 1692 3363 1752 3419; x_wconf 86' lang='lat' dir='ltr'><strong>in</strong></span> <span class='ocrx_word' id='word_1_289' title='bbox 1774 3380 1973 3419; x_wconf 89' lang='lat' dir='ltr'><strong>eorum</strong></span> <span class='ocrx_word' id='word_1_290' title='bbox 1996 3362 2209 3421; x_wconf 85' lang='lat' dir='ltr'><strong>finibus</strong></span> 
     </span>
     <span class='ocr_line' id='line_1_36' title="bbox 225 3452 2311 3531; baseline -0 -18"><span class='ocrx_word' id='word_1_291' title='bbox 225 3454 594 3523; x_wconf 87' lang='lat' dir='ltr'><strong>consedisset,</strong></span> <span class='ocrx_word' id='word_1_292' title='bbox 617 3456 960 3530; x_wconf 86' lang='lat' dir='ltr'><strong>tertiamque</strong></span> <span class='ocrx_word' id='word_1_293' title='bbox 977 3464 1198 3530; x_wconf 84' lang='lat' dir='ltr'><strong>partem</strong></span> <span class='ocrx_word' id='word_1_294' title='bbox 1216 3456 1342 3531; x_wconf 86' lang='lat' dir='ltr'><strong>agri</strong></span> <span class='ocrx_word' id='word_1_295' title='bbox 1364 3452 1637 3529; x_wconf 87' lang='lat' dir='ltr'><strong>Sequani,</strong></span> <span class='ocrx_word' id='word_1_296' title='bbox 1661 3452 1763 3526; x_wconf 87' lang='lat' dir='ltr'><strong>qui</strong></span> <span class='ocrx_word' id='word_1_297' title='bbox 1790 3460 1943 3509; x_wconf 87' lang='lat' dir='ltr'><strong>esset</strong></span> <span class='ocrx_word' id='word_1_298' title='bbox 1958 3452 2206 3527; x_wconf 88' lang='lat' dir='ltr'><strong>optimus</strong></span> <span class='ocrx_word' id='word_1_299' title='bbox 2234 3458 2311 3513; x_wconf 77' lang='lat'><strong>3⁶</strong></span> 
     </span>
     <span class='ocr_line' id='line_1_37' title="bbox 223 3540 2207 3620; baseline -0.003 -17"><span class='ocrx_word' id='word_1_300' title='bbox 223 3547 404 3603; x_wconf 86' lang='lat' dir='ltr'><strong>totius</strong></span> <span class='ocrx_word' id='word_1_301' title='bbox 447 3544 700 3613; x_wconf 86' lang='lat' dir='ltr'><strong>Galliae,</strong></span> <span class='ocrx_word' id='word_1_302' title='bbox 743 3545 1162 3620; x_wconf 84' lang='lat' dir='ltr'><strong>occupavisset,</strong></span> <span class='ocrx_word' id='word_1_303' title='bbox 1203 3555 1260 3601; x_wconf 87' lang='lat' dir='ltr'><strong>et</strong></span> <span class='ocrx_word' id='word_1_304' title='bbox 1299 3560 1459 3599; x_wconf 84' lang='lat' dir='ltr'><strong>nunc</strong></span> <span class='ocrx_word' id='word_1_305' title='bbox 1500 3542 1573 3598; x_wconf 87' lang='lat' dir='ltr'><strong>de</strong></span> <span class='ocrx_word' id='word_1_306' title='bbox 1614 3540 1797 3597; x_wconf 86' lang='lat' dir='ltr'><strong>altera</strong></span> <span class='ocrx_word' id='word_1_307' title='bbox 1835 3549 1997 3616; x_wconf 84' lang='lat' dir='ltr'><strong>parte</strong></span> <span class='ocrx_word' id='word_1_308' title='bbox 2036 3542 2207 3598; x_wconf 86' lang='lat' dir='ltr'><strong>tertia</strong></span> 
     </span>
     <span class='ocr_line' id='line_1_38' title="bbox 225 3630 2207 3710; baseline -0.002 -19"><span class='ocrx_word' id='word_1_309' title='bbox 225 3634 526 3710; x_wconf 87' lang='lat' dir='ltr'><strong>Sequanos</strong></span> <span class='ocrx_word' id='word_1_310' title='bbox 547 3634 828 3691; x_wconf 87' lang='lat' dir='ltr'><strong>decedere</strong></span> <span class='ocrx_word' id='word_1_311' title='bbox 849 3633 1079 3707; x_wconf 86' lang='lat' dir='ltr'><strong>juberet</strong></span> <span class='ocrx_word' id='word_1_312' title='bbox 1100 3652 1120 3705; x_wconf 84' lang='lat'>3</span> <span class='ocrx_word' id='word_1_313' title='bbox 1166 3643 1467 3708; x_wconf 86' lang='lat' dir='ltr'><strong>propterea</strong></span> <span class='ocrx_word' id='word_1_314' title='bbox 1488 3630 1656 3707; x_wconf 89' lang='lat' dir='ltr'><strong>quod,</strong></span> <span class='ocrx_word' id='word_1_315' title='bbox 1688 3630 1893 3706; x_wconf 84' lang='lat' dir='ltr'><strong>paucis</strong></span> <span class='ocrx_word' id='word_1_316' title='bbox 1912 3630 2207 3687; x_wconf 81' lang='lat' dir='ltr'><strong>mensibus</strong></span> 
     </span>
     <span class='ocr_line' id='line_1_39' title="bbox 227 3719 2201 3793; baseline -0.001 -12"><span class='ocrx_word' id='word_1_317' title='bbox 227 3734 378 3793; x_wconf 88' lang='lat' dir='ltr'><strong>ante,</strong></span> <span class='ocrx_word' id='word_1_318' title='bbox 420 3723 734 3783; x_wconf 88' lang='lat' dir='ltr'><strong>Harudum</strong></span> <span class='ocrx_word' id='word_1_319' title='bbox 791 3724 976 3781; x_wconf 87' lang='lat' dir='ltr'><strong>millia</strong></span> <span class='ocrx_word' id='word_1_320' title='bbox 1021 3724 1318 3781; x_wconf 88' lang='lat' dir='ltr'><strong>hominum</strong></span> <span class='ocrx_word' id='word_1_321' title='bbox 1372 3739 1521 3779; x_wconf 76' lang='lat' dir='ltr'><strong>xxiv</strong></span> <span class='ocrx_word' id='word_1_322' title='bbox 1576 3720 1649 3778; x_wconf 88' lang='lat' dir='ltr'><strong>ad</strong></span> <span class='ocrx_word' id='word_1_323' title='bbox 1706 3738 1844 3779; x_wconf 85' lang='lat' dir='ltr'><strong>eum</strong></span> <span class='ocrx_word' id='word_1_324' title='bbox 1891 3719 2201 3789; x_wconf 82' lang='lat' dir='ltr'><strong>venissent,</strong></span> 
     </span>
     <span class='ocr_line' id='line_1_40' title="bbox 225 3809 2204 3888; baseline -0.003 -18"><span class='ocrx_word' id='word_1_325' title='bbox 225 3812 438 3888; x_wconf 85' lang='lat' dir='ltr'><strong>quibus</strong></span> <span class='ocrx_word' id='word_1_326' title='bbox 485 3812 650 3871; x_wconf 89' lang='lat' dir='ltr'><strong>locus</strong></span> <span class='ocrx_word' id='word_1_327' title='bbox 705 3830 778 3871; x_wconf 87' lang='lat' dir='ltr'><strong>ac</strong></span> <span class='ocrx_word' id='word_1_328' title='bbox 817 3811 984 3871; x_wconf 86' lang='lat' dir='ltr'><strong>sedes</strong></span> <span class='ocrx_word' id='word_1_329' title='bbox 1027 3820 1392 3887; x_wconf 83' lang='lat' dir='ltr'><strong>pararentur.</strong></span> <span class='ocrx_word' id='word_1_330' title='bbox 1478 3810 1771 3871; x_wconf 83' lang='lat' dir='ltr'><strong>Futurum</strong></span> <span class='ocrx_word' id='word_1_331' title='bbox 1818 3826 1945 3867; x_wconf 85' lang='lat' dir='ltr'><strong>esse</strong></span> <span class='ocrx_word' id='word_1_332' title='bbox 2000 3809 2204 3886; x_wconf 79' lang='lat' dir='ltr'><strong>paucis</strong></span> 
     </span>
    </p>
   </div>
  </div>
 </body>
</html>
