2709 4300
384 307 509 368 1⁰2
1111 315 1199 362 nn
1222 313 1436 362 annno
1459 311 1748 360 aarum
2167 306 2306 364 mn.
2320 317 2472 360 m

482 461 659 529 atque
700 452 853 512 hanc
900 450 1091 528 adepti
1120 451 1440 520 victoriam,
1469 450 1530 506 in
1571 458 1914 526 perpetuum
1955 467 2020 506 se
2065 445 2186 506 fore
2222 448 2476 510 victores

482 542 865 602 confidebant.
1175 560 1185 570 “

482 677 489 686 .
564 630 695 690 XL.
742 631 1055 690 Mittuntur
1084 630 1155 688 ad
1184 631 1500 691 Caesarem
1527 627 1831 688 confestim
1859 647 1896 685 a
1923 627 2206 686 Cicerone
2245 627 2474 698 literae,

482 721 711 798 magnis
737 721 1037 798 propositis
1062 721 1351 796 praemiis,
1375 721 1426 776 si
1448 719 1834 795 pertulissent.
1903 717 2174 776 Obsessis
2199 719 2473 778 omhibus

418 823 459 879 5
483 811 611 880 viis,
642 811 801 868 missi
828 810 1293 885 intercipiuntur.
1377 809 1576 868 Noctu
1623 827 1698 866 ex
1737 825 1810 864 ea
1837 808 2098 878 materia,
2127 826 2306 883 quam
2347 827 2473 866 mu·

480 902 713 960 uitiosis
760 920 941 960 causa
988 909 1508 976 comportaverant,
1557 909 1752 957 turres
1797 899 2104 958 admodum
2151 917 2268 958 cn
2315 901 2472 958 exci-

480 1000 681 1048 tantur
718 989 1043 1048 incredibili
1088 990 1422 1048 celeritate:
1465 1007 1616 1064 quae
1659 989 1862 1048 deesse
1901 989 2062 1064 operi
2101 989 2472 1060 videbantur,

482 1080 879 1156 perficiuntur.
962 1078 1173 1136 Hostes
1227 1088 1449 1154 postero
1503 1077 1616 1146 die,
1675 1077 1858 1136 multo
1909 1078 2224 1153 majoribus
2293 1080 2476 1154 copiis

480 1171 716 1239 coactis,
770 1179 965 1226 castra
1016 1177 1368 1244 oppugnant,
1427 1167 1642 1226 fosmm
1693 1167 2002 1245 complent.
2109 1168 2208 1226 Ab
2261 1170 2476 1226 nostris

380 1263 457 1324 lo
482 1257 687 1317 eadem
736 1257 977 1327 ratione,
1025 1275 1143 1333 qua
1197 1257 1400 1332 pridie,
1455 1257 1774 1315 resistitur:
1831 1257 1943 1316 boc
1994 1257 2148 1314 idem
2199 1256 2476 1334 deinceps

482 1348 725 1424 reliquis
751 1348 817 1407 fit
841 1349 1065 1406 diebus.
1150 1348 1337 1404 Nulla
1367 1365 1500 1424 pars
1529 1349 1794 1406 nocturni
1821 1349 2094 1424 temporis
2115 1347 2187 1404 ad
2215 1347 2476 1406 laborem

482 1437 913 1496 intermittitur:
970 1457 1083 1496 non
1138 1438 1348 1514 aegris,
1397 1455 1510 1494 nou
1561 1438 1899 1506 vulneratis,
1957 1436 2206 1494 facultas
2259 1438 2475 1512 quietis

482 1527 687 1585 datur:
714 1547 1099 1605 quaecunque
1128 1527 1200 1584 ad
1230 1528 1476 1602 proximi
1503 1527 1620 1584 diei
1645 1528 2127 1603 oppugnationem
2153 1545 2302 1602 opus
2321 1536 2474 1596 sunt,

484 1627 657 1674 noctu
686 1628 1127 1694 comparantur:
1164 1617 1384 1674 multae
1411 1627 1714 1692 praeustae
1741 1616 1930 1685 sudes,
1963 1634 2210 1692 magnus
2235 1617 2474 1674 murali.

386 1709 461 1768 15
486 1723 586 1763 um
614 1706 859 1781 pilorum
890 1724 1167 1764 numerus
1194 1706 1551 1777 instituitur3
1597 1716 1788 1764 turres
1821 1703 2320 1776 contribulantur:
2346 1707 2475 1782 ,pin-

483 1813 613 1864 nae,
646 1795 979 1870 loricaeque
1008 1813 1080 1850 ex
1123 1795 1381 1852 cratibus
1423 1804 1779 1851 attexuntur.
1861 1794 1992 1870 Ipse
2037 1794 2262 1864 Cicero,
2291 1813 2476 1870 quum

482 1885 825 1940 tenuissima
852 1883 1184 1940 valetudine
1204 1892 1375 1952 esset,
1405 1903 1480 1940 ne
1507 1893 1856 1942 nocturnum
1893 1883 2134 1959 quidem
2173 1884 2284 1941 sibi
2333 1894 2474 1942 tem-

484 1989 595 2046 pus
634 1971 709 2028 ad
748 1973 1001 2047 quietem
1044 1971 1424 2048 relinquebat,
1471 1983 1534 2030 ut
1577 1973 1726 2030 ultro
1773 1973 2024 2032 militum
2065 1991 2356 2032 concursu
2401 1993 2476 2032 ac

484 2060 725 2118 vocibus
748 2061 859 2118 sibi
886 2080 1127 2138 parcere
1154 2071 1483 2138 cogeretur.
1859 2056 1864 2061 ’

380 2154 459 2211 00
566 2147 725 2208 XLI.
770 2150 945 2209 Tunc
992 2151 1171 2209 duces
1212 2152 1618 2228 principesque
1659 2152 2032 2222 Nerviorum,
2074 2153 2176 2228 qui
2215 2152 2474 2229 aliquem

484 2240 765 2297 sermonis
778 2239 995 2297 aditum
1018 2258 1374 2316 causamque
1397 2242 1688 2300 amicitiae
1706 2260 1846 2299 cum
1863 2241 2144 2300 Cicerone
2165 2242 2472 2313 habebant,

482 2328 735 2405 colloqui
779 2348 906 2387 sese
954 2329 1109 2387 velle
1156 2329 1378 2387 dicunt.
1463 2330 1652 2388 Facta
1699 2341 1994 2407 potestate,
2045 2330 2271 2401 eadem,
2319 2351 2473 2409 quae

485 2417 797 2477 Ambiorix
834 2438 975 2477 cum
1004 2418 1233 2477 Titurio
1272 2430 1494 2495 egerat,
1525 2430 2010 2478 commemorant:
2055 2420 2306 2477 Omnem
2345 2442 2473 2479 esse

486 2508 547 2565 in
594 2510 773 2565 armis
816 2508 1107 2566 Galliam:
1154 2507 1480 2566 Germanos
1527 2509 1802 2567 Rhenum
1849 2510 2160 2567 transisse:
2203 2510 2476 2569 Caesaris

380 2602 461 2657 ω
486 2597 955 2674 reliquorumque
994 2598 1237 2655 hiberna
1260 2600 1608 2675 oppugnari.
1692 2598 1938 2655 Addunt
1963 2600 2142 2657 etiam
2169 2598 2242 2655 de
2271 2600 2476 2659 Sabini

484 2698 687 2745 morte.
772 2688 1171 2765 Ambiorigem
1198 2698 1484 2747 ostentant
1511 2687 1644 2745 fidei
1673 2686 1984 2745 faciundae
2005 2706 2220 2747 causa:
2251 2688 2474 2749 Errare

486 2794 601 2845 coe,
630 2776 849 2846 dicunt,
890 2778 941 2833 si
980 2776 1297 2853 quidquam
1340 2778 1415 2833 ab
1463 2778 1554 2835 his
1602 2778 1871 2854 praesidii
1916 2788 2164 2853 sperent,
2209 2779 2312 2853 qui
2351 2781 2476 2837 suis

484 2866 661 2924 rebus
686 2864 981 2938 diffidant3
1024 2886 1151 2923 sese
1180 2877 1375 2925 tamen
1409 2868 1518 2926 hoc
1547 2886 1674 2925 esse
1703 2868 1766 2925 in
1792 2866 2132 2926 Ciceronem
2163 2866 2473 2943 Populum-

482 2969 601 3031 que
636 2954 963 3017 Romanum
1002 2956 1213 3025 anim0,
1253 2965 1317 3013 ut
1356 2957 1502 3014 nihil
1543 2957 1656 3015 nisi
1699 2958 1942 3015 hiberna
1982 2967 2268 3027 recusent,
2299 2968 2474 3033 atque

380 3046 461 3103 Μ
486 3044 639 3102 hanc
664 3044 1090 3101 inveterascere
1116 3046 1594 3103 consuetudinem
1635 3046 1851 3103 nolint:
1895 3046 2076 3103 licere
2105 3046 2224 3103 illis
2250 3046 2473 3105 incolu-

485 3134 675 3192 mibus
703 3152 805 3211 per
831 3154 893 3192 se
932 3152 1005 3191 ex
1046 3135 1303 3193 hibernis
1328 3136 1648 3206 discedere,
1679 3147 1754 3206 et,
1783 3155 2164 3213 quascunque
2190 3137 2250 3193 in
2280 3147 2474 3212 partes

375 3272 397 3299 x
486 3222 685 3293 velint,
734 3224 859 3283 sine
906 3234 1065 3284 metu
1116 3225 1424 3301 proficisci.
1507 3226 1718 3284 Cicero
1766 3226 1838 3283 ad
1885 3228 2032 3285 haec
2082 3245 2266 3287 unum
2305 3227 2476 3285 modo

487 3313 813 3388 respondit:
855 3313 989 3371 Non
1036 3334 1163 3371 esse
1206 3315 1686 3377 consuetudinem
1729 3316 1932 3392 Populi
1978 3315 2244 3385 Romani,
2289 3316 2472 3377 ullam

484 3402 753 3479 accipere
782 3404 855 3460 ab
882 3404 1043 3461 hoste
1067 3414 1293 3462 armato
1316 3405 1702 3463 conditionem
1727 3426 1740 3463 :
1784 3408 1834 3463 si
1863 3408 1938 3463 ab
1965 3408 2144 3463 armis
2171 3406 2472 3465 discedere

378 3488 463 3547 ὅ
485 3491 685 3561 velint,
712 3512 779 3551 se
806 3492 1067 3568 adjutore
1091 3503 1351 3563 utantur,
1382 3496 1716 3571 legatosque
1743 3496 1816 3553 ad
1843 3495 2158 3553 Caesarem
2202 3497 2471 3554 mittant:

484 3598 737 3657 sperare,
768 3600 869 3657 pro
896 3582 1027 3657 ejus
1045 3583 1288 3657 justitia,
1320 3603 1474 3660 quae
1503 3586 1786 3661 petierint,
1815 3586 2240 3661 impetraturos.

570 3670 757 3728 XLII.
803 3672 901 3727 Ab
928 3672 1041 3728 hac
1068 3690 1169 3747 spe
1199 3674 1416 3749 repulsi
1446 3674 1674 3745 Nervii,
1706 3676 1860 3733 vallo
1887 3674 2098 3750 pedum
2126 3692 2189 3733 11
2229 3683 2288 3733 et
2316 3672 2473 3733 fossa

457 3758 699 3829 ,pedum
728 3775 815 3813 xv
856 3758 1097 3815 hiberna
1136 3762 1400 3837 cingunt.
1485 3763 1654 3821 Haec
1681 3773 1740 3821 et
1783 3765 2146 3839 superiorum
2187 3782 2472 3821 annorum

486 3842 903 3899 consuetudine
932 3863 971 3900 a
996 3847 1204 3903 nostris
1230 3861 1662 3923 cognoverant3
1707 3863 1782 3922 et,
1801 3850 2082 3928 quosdam
2109 3852 2180 3911 de
2209 3853 2474 3911 exercitu
