2709 4300
369 249 457 314 ω
1096 253 1183 302 ΒΕ
1220 251 1432 300 BELLO
1469 249 1752 298 GALLlco
2133 247 2266 302 [cn.
2285 251 2432 294 2⁹⁴1.

558 393 777 453 XXIX.
834 391 1049 454 Contra
1104 411 1177 452 ea
1230 391 1516 459 Titurius,
1569 389 1716 446 Sero
1771 386 2042 454 facturos,
2097 383 2458 454 clamitabat,

474 501 657 560 quum
698 485 947 560 majores
988 483 1236 540 hostium
1278 499 1504 549 manus,
1547 477 1836 553 adjunctis
1875 476 2204 543 Germanis,
2249 493 2460 532 conve-

474 574 711 642 nissent,
756 581 856 629 aut
894 589 1077 648 quum
1120 571 1339 646 aliquid
1379 567 1722 628 calamitatis
1763 567 1824 622 in
1865 565 2142 641 proximis
2202 563 2464 620 hibernis

476 671 627 720 esset
654 670 994 736 acceptum:
1038 661 1273 718 brevem
1296 657 1632 717 consulendi
1653 675 1782 714 esse
1801 655 2204 712 occasionem:
2247 652 2462 711 Caesa·-

410 757 451 810 3
478 767 600 806 rem
642 749 912 808 arbitrari
955 747 1277 824 profectum
1314 750 1376 805 in
1420 747 1688 805 Italiam:
1729 759 1921 819 neque
1963 743 2132 800 aliter
2167 742 2466 800 Carnutes

478 835 861 896 interficiendi
891 836 1153 918 Tasgetii
1184 837 1490 894 consilium
1520 833 1698 892 fuisse
1725 843 2034 908 capturos;
2078 838 2268 906 neqtre
2299 830 2462 888 Ebu-

478 944 665 996 rones,
694 928 743 984 si
772 926 871 984 ille
898 926 1140 995 adesset,
1168 935 1327 982 tanta
1352 943 1490 982 cum
1517 922 1934 998 contemptione
1961 921 2138 978 nostri
2165 920 2240 978 ad
2265 929 2467 979 eastra

478 1025 753 1074 venturos
800 1033 965 1072 esse:
1028 1032 1143 1071 non
1192 1015 1412 1072 hostem
1468 1022 1784 1082 auctorem,
1833 1011 1934 1068 sed
1983 1029 2106 1067 rem
2155 1019 2464 1086 spectare3

478 1103 715 1162 subesse
776 1103 1079 1174 Rhenum3
1136 1118 1347 1180 magno
1401 1119 1528 1160 esse
1585 1101 1900 1160 Germanis
1951 1099 2130 1157 dolori
2179 1099 2468 1159 Ariovisti

378 1201 453 1256 10
481 1203 721 1250 mortem
758 1203 817 1250 et
854 1193 1179 1268 superiores
1218 1201 1444 1249 nostras
1473 1191 1786 1262 victoriam
1832 1190 2036 1247 ardere
2075 1188 2354 1257 Galliam,
2381 1197 2470 1246 tot

480 1279 849 1340 contumeliis
876 1281 1131 1357 acceptis
1158 1281 1267 1338 sub
1295 1279 1500 1356 Populi
1539 1279 1786 1337 Romani
1813 1279 2120 1354 imperium
2149 1277 2469 1346 redactam,

480 1372 777 1447 superiore
806 1371 991 1448 gloria
1030 1371 1115 1428 rei
1152 1370 1418 1427 militaris
1443 1369 1748 1426 exstincta.
1831 1367 2142 1436 Postremo,
2171 1367 2326 1432 Quis
2354 1367 2472 1424 hoc

479 1461 595 1518 sibi
650 1459 1043 1536 persuaderet,
1093 1460 1217 1516 sine
1266 1468 1429 1516 certa
1485 1476 1548 1515 re
1598 1456 1998 1534 Ambiorigem
2055 1456 2128 1514 ad
2181 1456 2471 1531 ejusmodi

482 1549 794 1608 consilium
809 1547 1219 1606 descendisse?
1276 1547 1460 1604 Suam
1479 1548 1820 1604 sententiam
1839 1547 1898 1604 in
1917 1555 2221 1621 utramque
2244 1555 2473 1621 partem

382 1647 459 1704 15
484 1657 613 1696 esse
654 1647 876 1696 tutam:
936 1639 986 1694 si
1027 1637 1109 1694 nil
1150 1637 1225 1694 sit
1266 1636 1490 1704 durius,
1531 1635 1694 1693 nullo
1733 1636 1993 1738 periculo
2033 1636 2106 1692 ad
2147 1637 2471 1710 proximam

485 1727 774 1804 legionem
818 1736 1239 1802 perventuros3
1286 1725 1335 1782 si
1367 1724 1567 1782 Gallia
1601 1725 1790 1782 omnis
1817 1731 1954 1782 cum
1993 1725 2307 1812 Germanis
2334 1743 2470 1782 con-

481 1818 715 1886 sentiat,
757 1833 933 1872 unam
978 1833 1106 1872 esse
1150 1815 1211 1872 in
1256 1814 1558 1872 celeritate
1615 1813 1854 1888 positam
1901 1814 2168 1872 salutem.
2267 1813 2470 1872 Cottae

486 1904 741 1979 quidem,
774 1913 945 1978 atque
990 1921 1193 1963 eorum
1238 1903 1339 1978 qui
1385 1903 1750 1960 dissentirent
1797 1904 2120 1972 consilinm,
2151 1921 2329 1979 quem
2373 1903 2470 1960 ha-

486 1993 647 2050 beret
686 1992 955 2050 exitum?
1037 1989 1105 2050 In
1136 2009 1251 2067 quo
1292 1993 1341 2048 si
1383 2009 1497 2048 non
1538 2009 1810 2067 praesens
1851 1993 2194 2068 periculum,
2227 2001 2472 2050 atcerte

376 2089 462 2146 20
487 2080 803 2158 longinqua
830 2081 1120 2138 obsidione
1151 2079 1333 2138 fames
1363 2090 1512 2138 esset
1540 2080 2016 2157 pertimescenda.

571 2168 762 2227 XXX.
806 2170 941 2229 Hac
970 2172 1030 2227 in
1059 2179 1364 2247 utramque
1392 2180 1614 2247 partem
1641 2170 2020 2247 disputatione
2048 2172 2260 2241 habita,
2289 2190 2476 2247 quum

488 2280 523 2317 a
571 2259 753 2331 Cotta,
804 2261 1117 2337 primisque
1164 2259 1478 2330 ordinibus,
1529 2260 1741 2318 acriter
1789 2262 2166 2331 resisteretur,
2216 2260 2476 2333 Vincite,

484 2351 695 2427 inquit,
724 2351 773 2408 si
814 2351 897 2409 ita
924 2350 1117 2421 vultiS,
1146 2350 1436 2422 Sabinus3
1481 2358 1540 2407 et
1583 2350 1641 2407 id
1685 2350 1934 2407 clariore
1963 2370 2123 2421 voce,
2157 2359 2220 2407 ut
2261 2370 2480 2429 magna

490 2460 625 2517 pars
670 2440 919 2498 militum
962 2440 1296 2497 exaudiret:
1340 2439 1553 2514 Neque
1593 2440 1644 2496 is
1683 2458 1834 2509 sum,
1863 2440 2071 2515 inquit,
2111 2441 2212 2515 qui
2253 2442 2476 2516 gravis-

382 2538 463 2595 αὖ
488 2530 633 2587 sime
656 2547 729 2587 ex
752 2530 911 2588 vobis
938 2529 1137 2586 mortis
1156 2529 1418 2605 periculo
1445 2538 1699 2586 terrear:
1730 2529 1789 2584 hi
1817 2530 2057 2604 sapient,
2077 2539 2134 2587 et
2161 2530 2210 2586 si
2237 2531 2480 2606 gravius

490 2618 626 2693 quid
657 2618 952 2687 acciderit,
972 2618 1075 2675 abs
1100 2628 1157 2676 te
1180 2620 1460 2675 rationem
1491 2626 1820 2695 reposcent:
1851 2619 1970 2694 qui,
1989 2620 2040 2675 si
2068 2637 2171 2695 per
2195 2629 2255 2676 te
2282 2619 2478 2689 liceat,

490 2707 801 2783 perendino
848 2708 939 2765 die
972 2726 1108 2765 cum
1151 2709 1426 2783 proximis
1470 2708 1724 2765 hibernis
1767 2708 2079 2783 conjuncti,
2109 2728 2482 2765 communem

490 2814 629 2853 cum
674 2796 914 2872 reliquis
957 2796 1095 2854 belli
1140 2816 1343 2856 casum
1388 2797 1723 2865 sustineant,
1755 2814 1863 2853 nec
1894 2797 2094 2871 rejecti
2134 2807 2192 2855 et
2237 2798 2482 2875 relegati

490 2884 661 2961 longe
688 2886 763 2942 ab
790 2887 1038 2943 caeteris
1066 2896 1167 2943 aut
1198 2885 1351 2943 ferro
1380 2896 1482 2942 aut
1517 2885 1669 2942 fame
1697 2887 2000 2943 intereant.

387 2984 467 3041 30
574 2972 793 3031 XXXI.
834 2974 1221 3051 Consurgitur
1266 2994 1337 3032 ex
1387 2976 1630 3033 consilio
1647 2994 1666 3047 3
1723 2974 2216 3051 comprehendunt
2259 2986 2480 3035 utrum-

492 3083 607 3139 que
636 3074 693 3121 et
720 3074 902 3133 orant,
934 3062 1031 3125 Ne
1058 3081 1165 3121 sua
1194 3064 1545 3121 dissensione
1586 3074 1642 3121 et
1691 3065 2009 3141 pertinacia
2053 3082 2176 3123 rem
2224 3067 2284 3123 in
2325 3086 2481 3127 sum-

492 3170 655 3209 mum
703 3153 1032 3229 periculum
1072 3151 1395 3210 deducant:
1441 3153 1674 3211 facilem
1715 3150 1842 3211 esse
1885 3172 2026 3223 rem,
2057 3171 2161 3211 seu
2189 3168 2482 3228 maneant,

492 3260 599 3299 seu
630 3242 1087 3317 proficiscantur,
1118 3243 1167 3299 si
1196 3242 1362 3319 modo
1390 3259 1571 3299 unum
1605 3262 1802 3299 omnes
1829 3231 2076 3299 sentiant
2105 3260 2175 3301 ac
2205 3244 2481 3320 probent3

494 3339 695 3387 contra
742 3330 802 3387 in
850 3330 1202 3389 dissensione
1250 3332 1475 3389 nullam
1523 3352 1585 3389 se
1627 3332 1875 3389 salutem
1930 3334 2274 3409 perspicere.
2363 3334 2486 3392 Res

390 3427 469 3486 85
494 3419 875 3495 disputatione
926 3420 997 3477 ad
1046 3422 1295 3503 mediam
1350 3432 1576 3479 noctem
1631 3422 1986 3499 perducitur.
2071 3422 2338 3479 Tandem
2387 3424 2486 3483 dat

494 3508 660 3566 Cotta
687 3519 977 3585 permotus
1002 3527 1249 3583 manus3
1296 3520 1529 3587 superat
1556 3512 1837 3570 sententia
1865 3512 2084 3568 Sabini.
2167 3510 2484 3571 Pronunci-

498 3608 647 3667 atur,
700 3600 886 3674 prima
934 3600 1069 3657 luce
1118 3602 1337 3659 ituros:
1396 3600 1755 3657 consumitur
1801 3600 2018 3677 vigiliis
2066 3600 2298 3676 reliqua
2349 3618 2488 3677 pars

496 3689 700 3757 noctis,
730 3706 911 3763 quum
938 3708 1047 3745 sua
1072 3690 1319 3763 quisque
1363 3689 1529 3746 miles
1578 3689 2072 3764 circumspiceret,
2102 3688 2240 3765 quid
2283 3708 2489 3747 secum

504 3784 729 3853 portare
772 3785 977 3847 posset,
1016 3776 1153 3848 quid
1194 3795 1267 3830 ex
1310 3778 1690 3833 instrumento
1737 3776 2108 3834 hibernorum
2153 3777 2488 3854 relinquere
