2709 4300
354 209 477 270 160
1063 215 1153 264 Dr.
1188 215 1400 266 mm
1435 215 1723 266 cunco
2139 215 2262 272 [cu
2291 224 2440 264 ‹ss-⁷⁰.

448 355 809 434 pedestribus
856 353 1039 431 copiis
1088 355 1446 423 consederat,
1497 363 1942 432 persequuntur,
1991 355 2444 431 compluresque

446 446 821 504 interficiunt.
906 444 1049 510 Qua
1086 463 1151 502 re
1190 444 1610 513 animadversa,
1651 445 1880 518 reliqui,
1921 463 1996 501 ne
2045 445 2442 502 circumveni·

446 546 667 604 rentur,
696 535 885 602 veriti,
916 553 979 592 se
1012 532 1189 610 fugae
1220 533 1517 592 mandant.
1603 533 1892 593 Omnibus
1919 533 2064 591 locis
2091 535 2158 592 fit
2193 534 2442 592 caedes:

444 634 561 682 tres
580 624 919 682 nobilissimi
937 623 1134 682 Aedui
1156 623 1311 700 capti
1334 623 1407 680 ad
1425 623 1744 682 Caesarem
1763 623 2196 700 perducuntur:
2239 623 2440 694 Cotus,

380 723 421 778 5
446 713 778 790 praefectus
824 715 1107 790 equitum,
1150 714 1253 788 qui
1300 714 1756 770 controversiam
1801 731 1940 770 cum
1981 713 2442 772 Convictolitane

444 804 721 880 proximis
748 804 997 862 comitiis
1031 801 1317 860 habuerat
1340 821 1357 874 3
1407 812 1463 860 et
1489 801 1842 870 Cavarillus,
1873 802 1974 876 qui
2003 812 2126 878 post
2167 800 2442 860 defectio-

442 911 577 950 nem
620 892 873 952 Litavici
916 891 1279 969 pedestribus
1318 892 1502 968 copiis
1543 889 1914 967 praefuerat3
1959 902 2018 948 et
2059 891 2442 968 Eporedorix,

442 1002 557 1058 quo
584 983 733 1042 duce
766 993 897 1042 ante
928 981 1241 1040 adventum
1268 980 1540 1040 Caesaris
1569 979 1766 1038 Aedui
1795 997 1932 1040 cum
1973 979 2263 1056 Sequanis
2292 981 2444 1060 bello

442 1073 877 1130 contenderant.

344 1171 419 1226 lo
522 1161 804 1222 LXVIII.
852 1161 1079 1241 Fugato
1104 1159 1260 1220 omni
1286 1161 1570 1240 equitatu,
1592 1160 2041 1240 Vercingetorix
2061 1161 2262 1238 copias
2281 1181 2440 1232 suas,

446 1261 509 1309 ut
558 1269 659 1328 pro
706 1253 913 1312 castris
960 1250 1367 1320 collocaverat,
1419 1250 1686 1324 reduxit3
1733 1249 2106 1326 protinusque
2149 1251 2440 1322 Alesiam,

444 1342 593 1418 quod
638 1353 725 1400 est
762 1341 1035 1420 oppidum
1078 1339 1546 1409 Mandubiorum,
1575 1341 1688 1400 iter
1729 1339 1926 1401 facere
1953 1343 2185 1417 coepit;
2231 1339 2442 1400 celeri-

442 1442 647 1508 terque
696 1433 1107 1510 impedimenta
1144 1449 1219 1488 ex
1260 1431 1466 1488 castris
1507 1430 1698 1500 educi',
1729 1441 1788 1488 et
1813 1449 1877 1489 se
1919 1432 2195 1506 subsequi
2239 1433 2438 1508 jussit.

442 1521 680 1591 Caesar,
711 1521 1135 1598 impedimentis
1162 1521 1223 1577 in
1252 1520 1579 1597 proximum
1620 1520 1828 1578 collem
1869 1520 2152 1590 deductis,
2183 1520 2440 1579 duabus-

344 1619 419 1676 15
444 1629 559 1686 que
588 1612 919 1688 legionibus
944 1609 1231 1687 praesidio
1273 1610 1508 1678 relictis,
1537 1619 1797 1679 secutus,
1827 1619 2109 1686 quantum
2137 1609 2254 1667 diei
2297 1622 2440 1666 tem-

444 1719 553 1777 pus
580 1711 667 1758 est
694 1719 947 1778 passum,
976 1700 1211 1758 circiter
1239 1700 1426 1758 tribus
1463 1699 1722 1756 millibus
1751 1699 1998 1756 hostium
2025 1719 2100 1756 ex
2129 1701 2444 1758 novissimo

444 1791 675 1866 agmine
706 1788 1043 1858 interfectis,
1074 1789 1257 1846 altero
1294 1789 1388 1846 die
1417 1789 1489 1846 ad
1521 1788 1784 1846 Alesiam
1825 1799 2031 1848 castra·
2059 1788 2217 1846 fecit.
2302 1789 2444 1846 Per·-

442 1891 637 1954 specto
680 1878 847 1935 urbis
884 1879 1018 1946 situ,
1050 1878 1486 1954 perterritisque
1515 1877 1790 1946 hostibus,
1821 1878 1974 1954 quod
2003 1880 2286 1952 equitatu,
2315 1899 2438 1955 que

442 1969 697 2024 maxime
725 1963 1109 2036 confidebant,
1138 1977 1305 2024 erant
1336 1967 1506 2042 pulsi,
1539 1967 1872 2026 adhortatus
1899 1967 1972 2026 ad
1999 1967 2262 2025 laborem
2291 1970 2438 2024 mili·

338 2067 417 2120 20
442 2067 543 2126 tes,
578 2057 843 2114 Alesiam
870 2057 1325 2117 circumvallare
1354 2058 1622 2116 instituit.
1721 2107 1726 2114 .

522 2144 741 2207 LXIX.
786 2145 983 2238 Ipsum
1030 2148 1157 2205 erat
1204 2147 1483 2223 oppidum
1529 2148 1588 2205 in
1630 2146 1778 2206 colle
1829 2168 2076 2217 summo,
2121 2147 2438 2206 admodum

442 2238 593 2295 edito
622 2240 766 2308 loco,
801 2249 881 2307 ut,
912 2239 1025 2295 nisi
1052 2238 1370 2308 obsidione,
1399 2240 1726 2317 expugnari
1767 2257 1881 2296 non
1923 2258 2088 2315 posse
2119 2238 2434 2297 videretur.

442 2329 627 2407 Cujus
654 2330 820 2387 collis
848 2330 1077 2387 radices
1104 2328 1223 2387 duo
1247 2328 1479 2387 duabus
1507 2348 1580 2386 ex
1609 2330 1869 2405 partibus
1911 2330 2154 2387 flumina
2201 2331 2436 2388 sublue-

444 2419 601 2477 bant.
686 2421 843 2477 Ante
872 2418 929 2475 id
958 2418 1233 2497 oppidum
1262 2419 1530 2494 planities
1557 2420 1797 2477 circiter
1825 2420 2012 2477 millia
2039 2438 2321 2495 passuum
2367 2438 2436 2478 111

339 2516 419 2571 25
445 2510 505 2565 in
534 2509 949 2585 longitudinem
981 2509 1242 2583 patebat:
1275 2508 1516 2582 reliquis
1541 2526 1616 2565 ex
1645 2510 1912 2567 omnibus
1941 2510 2206 2585 partibus
2233 2509 2436 2578 colles„

446 2598 719 2657 mediocri
760 2598 1065 2673 interjecto
1106 2599 1313 2677 spatio,
1359 2598 1484 2675 pari
1529 2597 1848 2656 altitudinis
1887 2598 2132 2676 fastigio,
2160 2598 2437 2675 oppidum

444 2690 774 2765 cingebant.
860 2690 983 2747 Sub
1023 2708 1207 2759 muru,
1238 2708 1391 2765 quae
1435 2707 1571 2765 pars
1611 2690 1778 2747 collis
1817 2689 1887 2746 ad
1921 2690 2200 2747 orientem
2241 2689 2438 2765 Solem

442 2779 757 2855 spectabat,
778 2779 936 2839 hunc
956 2798 1187 2837 omnem
1214 2779 1408 2837 locum
1431 2779 1632 2855 copiae
1651 2775 1954 2836 Gallorum
1982 2780 2436 2857 compleverant,

446 2868 771 2943 fossamque
800 2878 857 2925 et
886 2869 1202 2925 maceriam
1228 2888 1333 2925 sex
1363 2870 1422 2925 in
1453 2868 1820 2927 altitudinem
1859 2867 2070 2943 pedum
2115 2868 2440 2943 praeduxee

340 2962 419 3019 80
446 2968 592 3017 rant.
678 2957 829 3033 Ejus
870 2957 1221 3026 munitionis,
1252 2976 1403 3031 quae
1435 2958 1508 3013 ab
1549 2956 1830 3015 Romanis
1869 2959 2294 3027 instituebatur,
2323 2960 2436 3015 cir-

444 3049 639 3108 cuitus
664 3066 727 3107 11
759 3046 1009 3117 millium
1036 3063 1317 3121 passuum
1346 3046 1600 3104 tenebat.
1642 3072 1648 3077 >·
1683 3046 1891 3103 Castra
1926 3048 2265 3122 opportunis
2293 3048 2440 3105 locis

444 3149 609 3195 erant
637 3137 837 3213 posita,
868 3136 1065 3210 ibique
1090 3135 1336 3193 castella
1375 3154 1528 3193 xxm
1573 3135 1767 3205 iacta3
1815 3137 2028 3211 quibus
2077 3137 2138 3193 in
2179 3136 2438 3194 castellis

444 3226 693 3284 interdiu
720 3226 993 3284 stationes
1018 3224 1487 3303 disponebantur,
1511 3244 1586 3281 ne
1613 3243 1732 3300 qua
1759 3225 1958 3283 subito
1971 3226 2212 3302 irruptio
2235 3226 2434 3283 fieret:

444 3316 591 3373 haec
634 3315 839 3373 eadem
882 3326 1057 3373 noctu
1107 3314 1540 3373 excubitoribus
1589 3334 1662 3371 ac
1705 3315 1889 3371 firmis
1931 3315 2236 3391 praesidiis
2279 3325 2436 3373 tene-

342 3407 419 3463 ³5
447 3388 677 3463 bantur.

386 3506 395 3509 “
526 3491 717 3551 LXX.
764 3492 959 3567 Opere
986 3492 1265 3562 instituto,
1290 3492 1355 3549 fit
1383 3502 1648 3568 equestre
1677 3492 1962 3567 proelium
1991 3494 2052 3550 in
2081 3512 2154 3551 ea
2181 3492 2436 3569 planitie,

446 3600 621 3655 quam
652 3581 1037 3637 intermissam
1055 3580 1307 3639 collibus
1332 3600 1402 3639 111
1425 3581 1610 3639 millia
1637 3600 1916 3655 passuum
1939 3582 1997 3639 in
2019 3581 2436 3659 longitudinem

448 3676 643 3741 patere
684 3684 861 3742 supra
902 3666 1444 3726 demonstravimus.
1529 3669 1774 3727 Summa
1803 3670 1862 3725 vi
1895 3670 1970 3726 ab
2007 3658 2262 3747 utrisque
2303 3689 2436 3727 con-

450 3750 721 3807 tenditur.
804 3750 1233 3811 Laborantibus
1274 3756 1488 3813 nestris
1513 3755 1736 3815 Caesar
1765 3756 2094 3817 Germanos
2131 3758 2444 3831 submittit,3
