2709 4300
400 324 407 338 “
428 315 547 374 148
1149 319 1237 370 1>ss
1262 317 1476 370 BELLo
1497 319 1787 369 GALLICO
2215 317 2352 372 [Cu.
2369 323 2522 366 ⁴042.

526 460 791 520 futurum
838 457 1153 538 provideat,
1180 459 1231 518 si
1272 479 1337 518 se
1383 469 1465 518 tot
1511 459 1808 518 hominum
1855 455 2042 514 millia
2081 473 2220 514 cum
2262 457 2526 514 hostibus

524 551 949 626 conjunxerint,
1000 567 1251 626 quorum
1300 549 1547 608 salutem
1603 566 1791 624 neque
1841 547 2148 622 propinqui
2196 547 2522 623 negligere,

524 659 713 716 neque
742 640 949 698 civitas
975 639 1093 696 levi
1122 648 1410 698 momento
1437 639 1746 698 aestimare
1773 647 1982 713 posset.

606 728 737 787 XL.
786 728 1001 806 Magna
1030 727 1273 788 affectus
1298 727 1688 788 sollicitudine
1718 727 1828 784 hoc
1855 727 2070 784 nuncio
2095 726 2340 796 Caesar,
2367 726 2522 802 quod

460 833 501 886 5
525 837 753 896 semper
782 819 1124 878 Aeduorum
1164 818 1388 876 civitati
1429 817 1742 893 praecipue
1785 815 2121 911 indulserat,
2151 817 2318 874 nulla
2347 817 2524 877 inter-

530 910 713 986 posita
752 908 1123 976 dubitatione,
1167 907 1426 983 legiones
1465 907 1767 982 expeditas
1801 915 2052 984 quatuor
2079 906 2526 982 equitatumque

522 1017 755 1058 omnem
780 1017 855 1056 ex
882 999 1094 1057 castris
1108 996 1367 1056 educit.
1409 1015 1520 1054 nec
1563 995 1674 1054 fuit
1703 997 1954 1099 spatium
1997 995 2102 1054 tali
2143 1006 2406 1071 tempore
2453 997 2526 1053 ad

522 1089 917 1148 contrahenda
956 1097 1166 1158 castra,
1194 1086 1348 1162 quod
1393 1105 1488 1144 res
1525 1087 1708 1162 posita
1751 1086 1811 1144 in
1857 1086 2160 1146 celeritate
2187 1086 2525 1147 videbatur.

522 1179 591 1236 C.
624 1179 875 1236 Fabium
902 1178 1159 1255 legatum
1188 1195 1325 1234 cum
1354 1176 1682 1253 legionibus
1709 1193 1754 1234 11
1783 1177 1994 1234 eastris
2019 1175 2308 1253 praesidio
2343 1177 2525 1234 relin-

422 1276 497 1332 lo
522 1270 668 1344 quit.
754 1268 993 1326 Fratres
1034 1265 1285 1325 Litavici
1334 1283 1519 1342 quum
1567 1265 1980 1341 comprehendi
2015 1266 2302 1341 jussisset,
2348 1267 2528 1342 paulo

524 1367 659 1416 ante
704 1360 919 1434 reperit
960 1356 1029 1414 ad
1078 1357 1267 1415 hostes
1310 1354 1656 1434 profugisse.
1739 1355 2098 1413 Adhortatus
2147 1355 2380 1425 milites,
2426 1355 2527 1413 Ne

522 1447 853 1507 necessario
880 1459 1135 1524 tempore
1156 1447 1380 1504 itineris
1396 1445 1594 1502 labore
1612 1455 2098 1522 permoveantur5
2131 1445 2528 1520 cupidissimis

522 1539 811 1608 omnibus,
842 1554 1181 1614 progressus
1214 1534 1402 1593 millia
1443 1552 1720 1611 passuum
1759 1553 1904 1604 xxv,
1935 1521 2145 1612 agmen
2177 1534 2528 1592 Aeduorum

522 1629 909 1704 conspicatus,
966 1627 1223 1684 immisso
1274 1626 1555 1701 equitatu,
1613 1626 1724 1682 iter
1777 1643 1982 1682 eorum
2038 1635 2296 1684 moratur
2344 1633 2527 1700 atque

422 1723 499 1778 15
524 1717 778 1794 impedit,
828 1717 1231 1790 interdicitque
1270 1714 1560 1784 omnibus,
1611 1733 1686 1772 ne
1743 1731 2099 1790 quemquam
2145 1714 2523 1772 interficiant.

524 1805 975 1883 Eporedorigem
1002 1815 1061 1862 et
1088 1803 1543 1872 Viridomarum,
1573 1804 1717 1882 quos'
1755 1802 1842 1862 illi
1869 1802 2200 1862 interfectos
2225 1805 2524 1862 existima-

524 1896 677 1964 bant,
734 1895 885 1951 inter
938 1893 1163 1968 equites
1210 1894 1443 1950 versari
1497 1911 1749 1968 suosque
1805 1893 2102 1969 appellare
2151 1894 2338 1970 jubet.
2441 1893 2526 1962 Iis

520 1985 785 2060 cognitis,
814 1993 871 2040 et
900 1981 1153 2040 Litavici
1184 1981 1390 2040 fraude
1433 1993 1751 2060 perspectu,
1785 1983 1982 2040 Aedui
2009 2002 2218 2042 manus
2261 1983 2524 2054 tendere,

520 2083 580 2128 et
619 2071 965 2128 deditionem
1005 2071 1357 2148 significare,
1385 2081 1460 2140 et,
1494 2073 1764 2148 projectis
1804 2073 2001 2142 armis,
2033 2083 2275 2130 mortem
2317 2073 2522 2151 depre-

416 2170 497 2225 20
522 2162 647 2219 cari
676 2160 980 2237 incipiunt.
1065 2160 1370 2219 Litavious
1411 2180 1550 2219 cum
1589 2164 1714 2219 suis
1741 2164 2068 2232 clientibus,
2097 2164 2312 2239 quibus
2353 2164 2526 2222 nefas

522 2268 681 2309 more
712 2250 1018 2309 Gallorum
1044 2260 1149 2320 est,
1180 2252 1354 2311 etiam
1383 2252 1446 2308 in
1473 2261 1734 2311 extrema
1763 2250 2008 2322 fortuna,
2033 2252 2302 2311 deserere
2329 2264 2522 2331 patro-
2591 2306 2596 2312 .

520 2360 643 2411 nos,
676 2341 1029 2419 Gergoviam
1058 2339 1329 2418 profugit.

605 2432 764 2491 XLI.
804 2432 1043 2501 Caesar,
1084 2432 1317 2489 nunciis
1359 2432 1432 2491 ad
1461 2431 1754 2491 civitatem
1785 2432 2130 2491 Aeduorum
2173 2434 2382 2503 missis,
2413 2436 2524 2511 qui

520 2540 629 2581 suo
650 2520 937 2579 beneficio
964 2533 1331 2579 conservatos
1356 2520 1646 2592 docerent,
1677 2541 1821 2597 quos
1851 2524 1988 2598 jure
2018 2524 2154 2581 belli
2185 2524 2524 2582 interficere

418 2626 497 2681 εὖ
523 2612 813 2688 potuisset,
844 2611 1143 2687 tribusque
1189 2611 1343 2669 horis
1387 2613 1572 2669 noctis
1617 2614 1901 2671 exercitui
1949 2612 2020 2669 ad
2049 2614 2302 2689 quietem
2349 2614 2521 2685 datis,

520 2712 715 2759 castra
744 2700 815 2757 ad
860 2699 1215 2777 Gergoviam
1264 2701 1460 2759 movit.
1548 2700 1740 2759 Medio
1781 2700 1904 2759 fere
1947 2703 2152 2760 itinere
2197 2706 2446 2779 equites,
2481 2723 2520 2763 a

520 2790 707 2849 Fabio
734 2792 912 2860 missi,
936 2801 1151 2867 quanto
1178 2810 1271 2848 res
1298 2792 1360 2848 in
1389 2792 1650 2867 periculo
1679 2790 1870 2861 fuerit,
1895 2804 2223 2869 exponunt3
2269 2797 2524 2854 summis

520 2882 701 2956 copiis
745 2890 939 2937 castra
978 2890 1310 2956 oppugnata
1357 2880 1767 2949 demonstrant,
1817 2900 2004 2957 quum
2045 2883 2252 2940 crebro
2301 2884 2524 2962 integri

517 2969 763 3028 defessis
788 2968 1185 3037 succederent,
1216 2978 1576 3045 nostrosque,
1607 2971 1838 3027 assiduo
1879 2972 2076 3031 labore
2105 2972 2518 3049 defatigarent,

418 3074 497 3129 ao
520 3060 733 3136 quibus
760 3066 987 3134 propter
1004 3056 1462 3133 magnitudinem
1489 3070 1812 3117 castrorum
1833 3071 2109 3137 perpetuo
2127 3074 2280 3120 esset
2295 3063 2521 3121 eisdem

522 3152 581 3205 in
612 3148 765 3207 vallo
792 3142 1285 3223 permane-ndum3
1332 3148 1703 3207 multitudine
1741 3151 2105 3227 sagittarum,
2137 3162 2312 3229 atque
2357 3156 2522 3211 omni

516 3256 737 3315 ‘genere
764 3237 1015 3295 telorum.
1038 3237 1251 3294 multos
1276 3238 1650 3310 vulneratos3
1697 3240 1771 3296 ad
1799 3240 1948 3297 haec
1975 3240 2311 3299 sustinenda
2353 3262 2518 3320 mag-

520 3344 595 3383 no
636 3328 769 3385 usui
812 3325 993 3383 fuisse
1036 3334 1319 3383 tormenta
1344 3346 1378 3398 ;·
1409 3326 1680 3397 Fabium,
1723 3329 1985 3387 discessu
2029 3349 2253 3399 sorum,
2285 3331 2520 3391 duabus

520 3414 741 3473 relictis
770 3416 962 3491 portis,
994 3416 1291 3473 obstruere
1320 3426 1599 3485 caeteras,
1631 3416 1972 3493 pluteosque
2000 3418 2154 3477 vallo
2195 3420 2430 3489 addere,
2461 3432 2520 3479 et

410 3516 495 3573 85
518 3505 671 3563 sein
698 3514 987 3581 posterum
1028 3504 1185 3561 diem
1226 3505 1478 3562 similem
1523 3505 1596 3561 ad
1627 3525 1832 3563 casum
1873 3526 2100 3583 parare.
2185 3508 2298 3566 His
2339 3512 2520 3568 rebus

512 3594 784 3668 cognitis,
812 3592 1053 3661 Caesar,
1064 3610 1310 3650 summo
1350 3594 1540 3653 studio
1581 3596 1832 3653 militum
1877 3606 2010 3655 ante
2053 3608 2246 3655 ortum
2274 3598 2412 3655 solis
2455 3602 2517 3657 in

518 3690 713 3736 castra
738 3681 1021 3753 pervenit.
1102 3713 1107 3721 -

586 3764 799 3821 QXLH
833 3764 992 3822 Dum
1032 3768 1181 3824 haec
1220 3763 1295 3826 ad
1326 3771 1684 3847 Gergoviam
1727 3784 2034 3851 geruntur,
2063 3776 2280 3844 Aedui,
2309 3779 2516 3853 primis

508 3852 751 3907 nunciis
790 3871 827 3908 a
867 3850 1133 3911 Litavico
1174 3858 1450 3935 acceptis,
1493 3860 1724 3922 nullum
1769 3864 1878 3920 sibi
1922 3864 1998 3921 ad
2039 3864 2514 3942 cognoscendum
