2709 4300
248 315 366 362 cn.
386 320 459 370 ιο,
478 313 572 369 η]
1022 313 1215 362 mann
1246 313 1580 362 sur-rmus,
2224 303 2343 362 18⁷

248 453 397 512 n'dio
452 462 511 510 et
566 460 905 510 ornamento
958 452 1033 508 sit
1088 452 1327 521 civitati,
1385 453 1507 509 suis
1561 451 1828 508 manibus
1879 449 2236 508 succendere

248 551 641 618 cogerentur:
686 540 857 598 facile
903 559 967 597 se
1012 541 1126 598 loci
1170 550 1382 598 natura
1425 539 1762 598 defensuros
1803 540 2018 609 dicunt,
2063 539 2234 615 quod,

246 649 429 706 prope
464 649 549 687 -ex
594 631 863 687 omnibus
910 631 1169 705 partibus
1223 629 1462 686 flumine
1506 639 1562 686 et
1605 629 1816 705 palude
1857 628 2234 697 circumdata,

248 737 439 776 unum
495 719 707 777 habeat
758 729 817 776 et
876 729 1291 795 perangustum
1346 718 1586 776 aditum.
1670 718 1860 776 Datur
1913 717 2238 794 petentibus

246 809 443 877 venia,
470 807 839 866 dissuadente
880 808 1065 883 primo
1092 806 1590 884 Vercingetorige,
1621 817 1744 884 post
1783 807 2148 874 concedente,
2179 816 2236 864 et
2259 814 2300 866 5

245 897 523 971 precibus
551 897 840 972 ipsorum,
880 906 937 954 et
980 896 1376 954 misericordia
1417 897 1600 973 vulgi.
1644 895 1992 954 Defensores
2031 896 2238 972 oppido

244 985 440 1042 idonei
468 985 825 1062 deliguntur.

329 1074 497 1132 XVI.
542 1075 989 1151 Vercingetorix
1038 1074 1353 1132 minoribus
1399 1075 1714 1132 Caesarem
1761 1074 2062 1132 itineribus
2101 1075 2232 1132 sub-

240 1166 529 1239 sequitur,
562 1175 621 1222 et
654 1165 848 1222 locum
889 1165 1095 1220 castris
1130 1164 1345 1240 deligit,
1386 1164 1692 1240 paludibus
1729 1165 2006 1240 silvisque
2047 1165 2232 1221 muni·
2301 1175 2308 1184 ·

240 1263 394 1322 tum,
436 1254 511 1311 ab
552 1254 809 1310 Avarico
848 1253 1019 1330 longe
1054 1253 1239 1310 millia
1266 1272 1544 1328 passuum
1583 1271 1708 1312 xvi.
1791 1253 1876 1310 Ibi
1918 1273 2022 1330 per
2047 1264 2234 1311 certos
2265 1257 2338 1312 10

242 1342 639 1417 exploratores
692 1343 749 1398 in
808 1343 1039 1418 singula
1093 1341 1207 1398 diei
1261 1351 1538 1416 tempora,
1587 1359 1738 1415 quae
1789 1342 1858 1398 ad
1911 1342 2284 1436 Avaricum!

242 1440 579 1506 ageremur,
600 1431 999 1506 cognoscebat,
1018 1440 1093 1499 et,
1110 1429 1251 1505 quid
1279 1430 1408 1488 fieri
1432 1427 1624 1498 vellet,
1653 1431 2006 1504 imperabat:
2035 1449 2236 1488 omnes

242 1528 473 1576 nostras
504 1518 899 1595 pabulationes
926 1517 1516 1592 frumentationesque
1543 1518 1900 1587 observabat,
1931 1517 2234 1594 dispersos-

242 1626 378 1684 que,
408 1627 593 1684 quum
621 1608 850 1684 longius
877 1608 1205 1664 necessario
1238 1606 1632 1682 procederent,
1663 1605 2042 1676 adoriebatur,
2074 1626 2232 1684 mag-

240 1715 437 1772 noque
480 1696 837 1756 incommodo
880 1696 1199 1754 afficiebat:
1242 1696 1368 1763 etsi,
1399 1695 1680 1769 quantum
1712 1696 1926 1752 ratione
1948 1696 2232 1771 provideri
2265 1701 2338 1754 15

242 1797 485 1862 poterat,
516 1787 589 1843 ab
618 1787 828 1843 nostris
850 1786 1287 1854 occurrebatur,
1312 1795 1378 1840 ut
1403 1785 1642 1842 incertis
1666 1784 2020 1859 >temporibus
2047 1785 2232 1842 diver.

240 1877 441 1950 sisque
470 1875 771 1933 itineribus
798 1875 1001 1932 iretur.
2127 1870 2132 1878 '

325 1964 519 2026 XVII.
563 1964 785 2022 Castris
818 1963 893 2021 ad
932 1981 1063 2021 earn
1105 1972 1327 2039 partem
1354 1963 1544 2039 oppidi
1575 1963 1787 2039 positi8‚
1814 1963 2050 2034 Caesar,
2081 1983 2232 2041 quae

238 2053 571 2111 intermissa
615 2072 651 2110 a
692 2054 931 2110 flumine
972 2063 1029 2111 et
1070 2071 1107 2109 a
1146 2052 1359 2128 palude
1385 2052 1620 2121 aditum,
1653 2063 1716 2110 ut
1742 2071 1920 2129 supra
1959 2054 2230 2124 diximuS,

240 2152 560 2219 angustum
601 2142 865 2211 habebat,
910 2161 1183 2219 aggerem
1234 2160 1536 2218 apparare,
1577 2143 1776 2201 vineas
1819 2163 2011 2221 agere,
2039 2150 2230 2203 turres
2253 2148 2338 2203 20

238 2232 389 2289 duas
432 2233 781 2289 constituere
821 2233 1041 2309 coepit:
1086 2250 1221 2289 nam
1248 2233 1698 2291 circumvallare
1728 2234 1839 2289 loci
1865 2244 2076 2291 natura
2103 2252 2228 2309 pro-

238 2320 493 2377 hibebat.
578 2319 669 2377 De
708 2338 769 2377 re
808 2318 1185 2378 frumentaria
1222 2321 1394 2379 Boios
1441 2332 1615 2397 atque
1659 2322 1898 2378 Aeduos
1941 2321 2232 2379 adhortari

238 2426 355 2467 non
400 2409 651 2467 destitit:
694 2427 941 2486 quorum
960 2452 965 2457 ψ
986 2410 1169 2478 alteri,
1210 2410 1357 2485 quod
1403 2410 1566 2467 nullo
1605 2410 1792 2467 studio
1821 2410 2084 2486 agebant,
2115 2428 2256 2470 non<

238 2498 493 2555 multum
544 2498 895 2572 adjuvabant
912 2518 933 2569 3
986 2498 1153 2555 alteri
1196 2518 1308 2556 non
1361 2499 1586 2575 magnis
1637 2495 2026 2565 facultatibuS,
2077 2498 2228 2573 quod

238 2586 451 2645 civitas
476 2597 605 2645 erat
630 2588 845 2663 exigua
872 2597 929 2645 et
956 2586 1203 2655 infirma,
1224 2588 1510 2655 celeriter,
1540 2586 1690 2661 quod
1719 2586 2064 2655 habuerunt,
2091 2606 2226 2645 con-
2253 2594 2332 2647 25

238 2684 631 2751 sumpserunt.
730 2676 973 2733 Summa
1026 2675 1366 2733 difficultate
1422 2676 1504 2731 rei
1560 2674 1968 2732 frumentariae
2025 2676 2228 2735 affecto

240 2766 525 2834 exercitu,
554 2765 831 2823 tenuitate
860 2763 1152 2833 Boiorum,
1184 2762 1545 2838 indiligentia
1567 2762 1926 2833 Aeduorum,
1947 2766 2232 2823 incendiis

240 2854 660 2921 aedificiorum,
692 2871 877 2927 usque
918 2872 1005 2922 ec,
1043 2863 1105 2911 ut
1146 2852 1476 2927 complures
1519 2851 1640 2909 dies
1684 2852 1896 2909 milites
1941 2852 2230 2911 frumento

238 2943 557 3012 caruerint,
587 2952 661 3011 et,
691 2960 893 3019 pecore
922 2962 957 2999 e
984 2941 1480 3017 longinquioribus
1497 2942 1640 2997 vicis
1662 2941 1881 3011 adact0‚
1911 2953 2228 3001 extremam

239 3031 457 3089 famem
484 3039 889 3099 sustentarent,
918 3030 1083 3087 nulla
1110 3040 1305 3087 tamen
1326 3049 1436 3087 vox
1465 3040 1552 3087 est
1581 3031 1752 3108 abiis
1779 3031 1994 3101 audita,
2023 3030 2228 3106 Populi
2255 3038 2334 3093 30

238 3120 493 3179 Romani
534 3120 833 3195 majestate
882 3128 939 3175 et
984 3120 1376 3195 superioribus
1420 3120 1674 3177 victoriis
1723 3120 1980 3196 indigna.
2063 3121 2228 3185 Quin

233 3210 413 3269 etiam
442 3208 679 3277 Caesar,
708 3226 893 3283 quum
922 3208 981 3263 in
1008 3226 1179 3283 opere
1203 3208 1472 3284 singulas
1499 3208 1756 3285 legiones
1783 3208 2118 3284 appellaret,
2149 3220 2226 3279 et,

236 3300 287 3357 si
309 3297 608 3367 ,acerbius
648 3298 899 3373 inopiam
932 3295 1179 3365 ferrent,
1224 3316 1287 3353 se
1328 3297 1702 3353 dimissurum
1745 3299 2228 3372 oppugnationem

236 3387 495 3457 diceret3
557 3386 813 3442 universi
862 3386 935 3441 ab
982 3404 1067 3454 ec,
1116 3384 1211 3443 Ne
1260 3385 1319 3441 id
1369 3384 1602 3454 faceret,
1653 3386 1951 3459 petebant:
2009 3387 2109 3443 Sic
2163 3407 2226 3445 se

237 3476 569 3551 complures
598 3495 779 3533 annos
806 3476 917 3532 illo.
934 3476 1251 3551 imperante
1280 3476 1580 3543 meruisse,
1606 3486 1668 3531 ut
1696 3475 1918 3533 nullam
1945 3477 2224 3553 ignomin·
2254 3488 2332 3542 35

238 3567 357 3625 iam
412 3566 765 3641 acciperent,
812 3582 1111 3638 nunquam
1166 3563 1384 3621 infecta
1439 3582 1500 3621 re
1555 3564 1948 3623 discederent:
2008 3568 2115 3624 hoc
2163 3587 2226 3624 se

238 3654 591 3731 ignominiae
620 3654 839 3711 laturos
866 3654 1009 3721 loce,
1040 3655 1091 3709 si·
1118 3654 1410 3728 inceptam
1437 3654 1918 3727 oppugnationem
1963 3655 2224 3730 reliquis-

238 3754 399 3801 sent:
432 3752 727 3819 praestare
752 3760 951 3802 omnes
979 3740 1233 3817 perferre
1262 3741 1624 3809 acerbitates,
1655 3760 1830 3817 quam
1859 3762 1974 3802 non
2001 3744 2228 3802 civibus

238 3834 539 3903 Romanis,
568 3834 671 3908 qui
702 3832 929 3893 Genabi
969 3834 1209 3911 perfidia
1238 3832 1544 3891 Gallorum
1588 3832 1932 3903 interissent,
1963 3844 2224 3910 parente-

1130 3942 1235 3999 12*
