2709 4300
273 340 383 386 cu.
404 339 496 392 aa]
1092 341 1282 388 usna
1313 339 1570 393 ruimus.
2265 331 2355 390 ω

269 485 454 534 torem
497 474 790 552 praefecit,
823 477 907 536 uti
947 495 1046 534 eos
1085 484 1258 534 testes
1283 497 1432 535 suae
1462 477 1705 553 quisque
1732 477 1961 535 virtutis
1987 477 2243 538 haberet.

268 565 400 641 Ipse
419 566 668 623 adextro
695 583 894 635 cornu,
915 565 1066 641 quod
1095 585 1224 622 eam
1254 575 1474 643 partem
1492 567 1727 623 minime
1744 567 1971 624 firmam
1999 567 2247 624 hostium

265 673 398 711 esse
427 653 685 711 animum
713 653 1055 723 adverterat,
1077 655 1355 730 proelium
1379 655 1681 712 commisit.
1724 654 1811 712 Ita
1836 655 2012 712 nostri
2034 657 2249 713 acriter

267 742 330 798 in
357 743 563 810 hostes,
583 743 748 818 signo
775 741 924 812 dato,
943 743 1220 818 impetum
1249 742 1546 800 fecerunt:
1588 744 1781 818 itaque
1809 744 1997 800 hostes
2013 753 2247 820 repente

265 831 648 905 celeriterque
677 839 1106 907 procurrerunt,
1127 841 1188 888 ut
1209 833 1457 908 spatium
1474 831 1590 908 pila
1618 831 1677 888 in
1694 832 1885 889 hostes
1904 832 2246 908 conjiciendi
2272 833 2311 886 5

264 937 382 976 non
409 919 666 976 daretur.
752 919 1008 994 Rejectis
1048 920 1196 994 pilis,
1227 920 1489 978 cominus
1529 919 1737 997 gladiis
1776 930 2097 996 pugnatum
2124 930 2245 978 est:

266 1019 326 1065 at
373 1007 672 1076 Germani,
715 1007 984 1064 celeriter
1029 1027 1102 1064 ex
1141 1008 1555 1066 consuetudine
1598 1027 1706 1066 sua
1752 1008 2039 1085 phalange
2074 1008 2245 1079 facta,

265 1097 516 1172 impetus
569 1095 894 1172 gladiorum
947 1106 1319 1172 exceperunt.
1434 1097 1671 1173 Reperti
1724 1105 1859 1154 sunt
1919 1097 2249 1173 complures

265 1186 446 1259 nostri
490 1185 718 1253 milites,
748 1184 850 1259 qui
897 1183 956 1240 in
985 1184 1303 1260 phalangas
1343 1185 1645 1254 insilirent,
1674 1195 1734 1243 et
1772 1195 1939 1242 scuta
1979 1185 2248 1243 manibus

158 1349 169 1356 ἱ
268 1274 615 1330 revellerent
641 1282 700 1330 et
740 1271 986 1348 desuper
1015 1273 1409 1330 vulnerarent.
1492 1273 1695 1337 Quum
1734 1273 1985 1330 hostium
2025 1275 2183 1333 acies
2208 1291 2247 1330 a
2276 1275 2351 1330 10

267 1363 498 1419 sinistro
523 1379 704 1418 cornu
746 1361 914 1436 pulsa
954 1369 1126 1436 atque
1167 1362 1227 1417 in
1255 1360 1456 1436 fugam
1484 1377 1763 1418 conversa
1790 1371 1957 1430 esset,
1987 1379 2023 1418 a
2050 1361 2249 1419 dextro

267 1468 452 1508 cornu
494 1450 862 1510 vehementer
909 1449 1273 1507 multitudine
1321 1465 1560 1505 suorum
1600 1457 1854 1505 nostram
1894 1449 2082 1505 aciem
2122 1467 2246 1525 pre-

267 1539 521 1595 mebant.
622 1537 686 1594 Id
733 1555 916 1614 quum
965 1536 1458 1594 animadvertisset
1499 1536 1565 1592 P.
1608 1535 1854 1593 Crassus
1894 1535 2247 1606 adolescens,

265 1628 372 1702 qui
399 1627 658 1701 equitatu
685 1635 965 1702 praeerat,
984 1624 1136 1701 quod
1165 1623 1479 1700 expeditior
1506 1633 1648 1692 erat,
1676 1641 1855 1700 quam
1884 1624 1945 1682 hi
1972 1625 2075 1699 qui
2097 1625 2251 1680 inter

268 1716 458 1773 aciem
487 1714 880 1783 versabantur,
909 1714 1140 1771 tertiam
1169 1713 1357 1770 aciem
1399 1712 1793 1770 laborantibus
1832 1713 2039 1770 nostris
2065 1713 2247 1770 subsi-
2278 1703 2351 1772 15

266 1803 363 1861 dio
393 1804 561 1860 misit.
665 1811 670 1814 '
1209 1833 1224 1846 s

351 1891 509 1949 LIII.
575 1890 662 1948 Ita
710 1888 992 1967 proelium
1033 1891 1359 1948 restitutum
1406 1900 1529 1963 est3
1594 1899 1765 1967 atque
1813 1909 2035 1950 omnes.
2058 1889 2249 1950 hostes

269 1990 434 2056 terga
460 1989 772 2048 verterunt,
802 1997 990 2055 neque
1019 1980 1184 2055 prius
1209 1975 1411 2056 fugere
1440 1978 1796 2050 destiterunt,
1824 1999 2002 2056 quam
2030 1980 2102 2038 ad
2140 1981 2244 2038 flu-

269 2087 405 2126 men
434 2068 705 2125 Rhenum
727 2067 910 2124 millia
937 2085 1210 2142 passuum
1239 2086 1310 2124 ex
1329 2085 1399 2124 eo
1425 2064 1551 2124 loco
1568 2068 1801 2126 circiter
1826 2070 2249 2146 quinquaginta

269 2158 654 2234 pervenerint.
754 2155 842 2213 Ibi
888 2157 1184 2232 perpauci,
1233 2167 1332 2214 aut
1376 2157 1596 2213 viribus
1638 2158 1839 2215 confisi
1886 2168 2245 2217 transnatare
2268 2163 2349 2217 20

268 2246 702 2315 contenderunt,
733 2256 834 2303 aut
882 2243 1150 2301 lintribus
1189 2245 1437 2302 inventis
1463 2245 1571 2302 sibi
1612 2246 1859 2303 salutem
1888 2257 2241 2322 repererunt.

269 2334 338 2392 In
385 2336 478 2391 his
525 2333 632 2392 fuit
673 2334 1018 2403 Ariovistus,
1063 2333 1180 2408 qui,
1213 2332 1546 2390 naviculam
1588 2332 1899 2409 deligatam
1944 2334 2017 2389 ad
2064 2336 2247 2411 ripam

269 2432 494 2492 nactuS,
525 2442 595 2480 ea
638 2420 922 2499 profugit:
967 2421 1218 2495 reliquos
1243 2439 1443 2479 omnes
1468 2414 1763 2478 consecuti
1807 2422 2031 2495 equites
2070 2423 2247 2479 nostri

271 2510 704 2569 interfecerunt.
804 2509 972 2567 Duae
1023 2507 1257 2567 suerunt
1305 2510 1583 2567 Ariovisti
1626 2525 1852 2577 uxores,
1896 2527 2015 2565 una
2052 2508 2247 2567 Sueva

269 2602 516 2669 natione,
537 2618 710 2675 quam
741 2600 814 2656 ab
839 2599 1004 2655 domo
1031 2616 1232 2655 secum
1261 2598 1572 2669 eduxerat3
1618 2598 1803 2655 altera
1832 2596 2072 2667 Norica,
2093 2598 2247 2674 regis
2268 2607 2349 2659 25

270 2688 545 2745 Vocionis
585 2706 758 2757 soror,
801 2706 974 2763 quam
1025 2688 1084 2743 in
1131 2686 1328 2743 Gallia
1376 2686 1637 2754 duxerat,
1680 2705 1717 2743 a
1756 2685 1934 2742 fratre
1975 2688 2243 2744 missam:

271 2787 551 2850 utraeque
595 2776 656 2833 in
689 2796 760 2833 ea
809 2774 949 2852 suga
989 2776 1301 2852 perierunt.
1386 2772 1556 2830 Duae
1598 2773 1755 2830 filiae
1795 2773 2021 2843 harum,
2064 2775 2247 2833 altera

268 2866 480 2932 occisa,
531 2864 714 2921 altera
760 2874 929 2939 capta
975 2873 1080 2920 est.
1183 2862 1252 2919 C.
1303 2861 1583 2919 Valerius
1630 2861 1933 2931 ProcilluS,
1982 2880 2164 2938 quum
2212 2883 2259 2930 a

269 2946 602 3010 custodibus
629 2954 688 3009 in
718 2952 858 3029 fuga
897 2953 1062 3009 trinis
1089 2951 1310 3009 catenis
1337 2950 1569 3011 *tinctus
1594 2950 1939 3019 traheretur,
1969 2950 2027 3007 in
2057 2952 2246 3027 ipsum

268 3042 598 3110 Caesarem,
627 3043 818 3100 hostes
845 3042 1104 3116 equitatu
1133 3048 1589 3115 persequentem,
1618 3038 1840 3096 incidit.
1924 3039 2095 3104 Quae
2123 3040 2245 3116 qui·
2272 3048 2351 3101 30

269 3130 402 3187 dem
433 3148 524 3187 res
551 3130 789 3187 Caesari
816 3148 930 3188 non
957 3130 1252 3196 minorem,
1272 3144 1447 3202 quam
1477 3128 1601 3203 ipsa
1618 3128 1878 3196 victoria,
1898 3127 2247 3204 voluptatem

270 3219 498 3291 attulit3
564 3217 716 3293 quod
763 3218 1049 3274 hominem
1095 3215 1560 3273 honestissimum
1614 3216 1945 3291 provinciae
1994 3216 2243 3286 Galliae,

269 3325 444 3365 suum
486 3306 828 3363 familiarem
855 3315 912 3363 et
960 3304 1256 3380 hospitem,
1285 3314 1546 3379 ereptum
1588 3324 1621 3361 e
1664 3304 1931 3360 manibus
1977 3304 2243 3374 hostium,

267 3396 381 3451 sibi
436 3396 760 3451 restitutum
815 3393 1044 3450 videbat
1061 3412 1080 3464 3
1113 3427 1118 3431 -
1154 3410 1341 3467 neque
1398 3392 1525 3466 ejus
1580 3390 1909 3449 calamitate
1964 3390 2035 3449 de
2088 3402 2247 3451 tanta

269 3484 562 3559 voluptate
587 3492 644 3539 et
684 3481 1065 3558 gratulatione
1105 3480 1421 3555 quidquam
1464 3478 1691 3537 fortuna
1718 3479 2084 3539 diminuerat.
2168 3480 2243 3551 Is,
2272 3492 2349 3547 35

269 3592 332 3629 se
362 3579 679 3647 praesente,
701 3570 773 3627 de
801 3589 864 3627 se
891 3580 982 3627 ter
1007 3569 1254 3625 sortibus
1280 3566 1608 3627 consultum
1635 3568 1880 3637 dicebat,
1900 3577 2095 3626 utrum
2122 3570 2246 3646 igni

268 3661 461 3717 statim
501 3667 828 3728 necaretur,
859 3676 936 3715 an
975 3659 1038 3715 in
1068 3657 1226 3714 aliud
1265 3666 1493 3732 tempus
1534 3665 1960 3714 reservaretur:
2006 3659 2247 3717 sortium

271 3749 551 3807 beneficio
591 3768 654 3805 se
682 3766 808 3805 esse
849 3747 1220 3805 incolumem.
1303 3744 1449 3803 Item
1494 3744 1575 3803 M.
1608 3744 1845 3804 Mettius
1886 3756 2149 3823 repertus
2188 3756 2247 3805 et

271 3837 344 3894 ad
371 3856 508 3895 eum
535 3836 810 3895 reductus
835 3845 941 3893 est.
