2709 4300
403 221 490 282 ’10
1109 231 1198 280 nn
1235 229 1447 280 mm
1484 229 1771 278 namuco
2236 230 2375 284 [cu.
2394 237 2501 278 Η.

499 387 652 428 anno
697 385 998 427 remanere
1039 385 1158 428 uno
1199 369 1260 426 in
1303 367 1431 427 loco
1474 365 1761 426 incolendi
1802 384 1985 424 causa
2030 365 2189 424 licet.
2274 367 2521 450 Neque*

497 457 746 516 multum
775 455 1080 528 frumento,
1111 457 1212 516 sed
1241 459 1555 516 maximam
1596 466 1818 533 partem
1864 456 2017 514 lacte
2060 467 2235 532 atque
2276 475 2503 534 pecore

499 547 720 617 vivunt,
763 546 1126 622 multumque
1168 555 1304 604 sunt
1346 547 1408 604 in
1436 545 1869 605 venationibus:
1901 563 2067 621 *quae
2112 564 2225 616 res,
2268 557 2329 604 et
2368 548 2503 606 cibi

497 654 726 714 genere,
755 645 814 694 et
839 635 1174 712 quotidiana
1199 636 1629 705 exercitatione,
1668 643 1727 693 et
1746 634 2011 692 libertate
2040 635 2219 704 vitae,
2250 635 2429 712 quod,
2462 656 2502 694 a

433 728 474 784 δ
499 725 695 802 pueris
741 724 906 783 nullo
957 723 1148 782 officio
1195 734 1298 782 aut
1345 723 1651 800 disciplina
1692 721 2023 793 assuefacti,
2064 723 2211 782 nihil
2252 727 2501 782 omnino

497 823 699 872 contra
724 812 1078 873 voluntatem
1109 811 1341 882 faciant,
1370 823 1429 872 et
1457 812 1612 870 vires
1652 811 1772 882 alit,
1800 823 1859 870 et
1896 813 2139 870 immani
2178 832 2497 888 corporum

497 902 894 979 magnitudine
923 901 1182 960 homines
1205 900 1403 960 efficit.
1477 901 1675 978 Atque
1692 902 1751 960 in
1768 919 1901 962 eam
1920 921 1983 960 se
2004 901 2497 960 consuetudinem

497 990 879 1061 adduxerunt,
930 1001 994 1049 ut
1041 990 1184 1050 locis
1233 989 1647 1067 frigidissimis,
1702 1007 1895 1066 neque
1938 991 2199 1062 vestitus,
2256 1002 2499 1068 praeter

497 1079 697 1156 pelles,
736 1079 986 1138 habeant
1009 1079 1326 1156 quidquam
1354 1080 1629 1156 (quarum
1658 1089 1887 1156 propter
1902 1080 2295 1158 exiguitatem,
2326 1099 2493 1157 mag-

397 1173 473 1228 10
497 1187 574 1226 na
601 1179 689 1228 est
715 1169 970 1246 corporis
999 1185 1134 1246 pars
1163 1167 1409 1247 aperta),
1438 1177 1497 1226 et
1522 1165 1793 1226 laventur
1820 1169 1881 1226 in
1909 1169 2266 1226 fluminibus.

577 1257 652 1318 11.
699 1257 1122 1317 Mercatoribus
1149 1267 1236 1316 est
1265 1257 1335 1315 ad
1364 1276 1463 1316 eos
1490 1257 1699 1328 aditus,
1729 1258 1923 1336 magis
1944 1277 2029 1328 eo,
2062 1267 2127 1315 ut
2152 1277 2305 1334 quae
2334 1259 2495 1318 bello

495 1347 772 1426 ceperint,
799 1348 1012 1424 quibus
1039 1347 1308 1416 vendant,
1333 1347 1601 1417 habeant,
1616 1365 1793 1423 quam
1814 1366 1931 1423 quo
1957 1346 2141 1404 ullam
2168 1365 2295 1406 rem
2322 1348 2397 1406 ad
2424 1369 2493 1408 se

497 1437 794 1514 importari
835 1437 1196 1496 desiderent:
1237 1437 1380 1512 quin
1419 1437 1596 1494 etiam
1631 1437 1929 1513 jumentis,
1974 1436 2187 1513 quibus
2232 1439 2492 1496 maxime

499 1525 698 1584 Gallia
723 1525 1062 1596 delectatur,
1105 1544 1373 1602 quaeque
1410 1527 1665 1602 impenso
1710 1535 1915 1602 parant
1956 1527 2155 1601 pretio,
2200 1525 2491 1586 Germani

399 1613 472 1674 1⁵
499 1616 812 1692 importatis
839 1635 952 1673 non
983 1625 1263 1674 utunturz
1305 1615 1426 1684 sed,
1456 1634 1607 1691 quae
1632 1624 1769 1674 sunt
1808 1615 1964 1692 apud
1990 1635 2091 1674 eos
2116 1626 2271 1686 nata,
2304 1635 2493 1692 prava

497 1715 670 1780 atque
697 1703 992 1774 deformia,
1031 1705 1180 1762 haec
1207 1703 1543 1780 quotidiana
1582 1705 2010 1773 exercitatione,
2040 1705 2251 1762 summi
2282 1716 2349 1763 ut
2370 1708 2493 1765 sint

497 1791 726 1862 laboris,
747 1793 1026 1854 efficiunt.
1109 1793 1494 1870 Eqwstribus
1530 1792 1763 1871 proeliis
1798 1812 1971 1870 saepe
1998 1812 2069 1852 ex
2098 1794 2265 1870 equis
2292 1794 2487 1853 desili-

497 1889 617 1950 unt,
638 1899 709 1938 ac
735 1882 978 1956 pedibus
994 1881 1367 1958 proeliantur,
1386 1901 1680 1958 equosque
1700 1881 1903 1940 eodem
1920 1901 2219 1940 remanere
2242 1886 2489 1962 vestigio

497 1968 929 2042 assuefaciunt3
976 1968 1048 2028 ad
1075 1990 1221 2047 quos
1246 1991 1310 2030 se
1337 1971 1627 2041 celeriter,
1650 1988 1831 2048 quum
1854 1989 1997 2030 usus
2024 1982 2127 2042 est,
2158 1959 2487 2050 recipiunt:

391 2061 470 2116 20
495 2075 684 2133 neque
705 2077 904 2116 eorum
933 2061 1190 2118 moribus
1218 2061 1445 2137 turpius
1474 2059 1791 2136 quidquam
1818 2070 1921 2120 aut
1947 2061 2189 2120 inertius
2218 2062 2486 2134 habetur,

495 2167 672 2223 quam
703 2147 982 2227 ephippiis
1012 2150 1115 2208 uti.
1201 2150 1403 2227 Itaque
1447 2150 1517 2207 ad
1546 2151 1827 2235 quemvis·
1852 2168 2161 2210 numerum
2188 2153 2484 2231 ephippia-

495 2246 685 2295 torum
713 2240 992 2313 equitum,
1021 2240 1290 2314 quamvis
1325 2240 1519 2316 pauci,
1550 2239 1709 2298 adire
1750 2238 1983 2298 audent.
2067 2239 2289 2299 Vinum
2320 2243 2391 2299 ad
2422 2263 2484 2301 se

493 2328 724 2385 omnino
767 2329 1066 2405 importari
1103 2347 1217 2386 non
1245 2329 1460 2398 sinunt,
1488 2328 1643 2405 quod
1682 2348 1755 2387 ea
1794 2348 1859 2387 re
1899 2329 1971 2387 ad
1999 2328 2259 2387 laborem
2298 2330 2481 2389 feren-

493 2416 630 2473 dum
662 2416 1067 2475 remollescere
1097 2417 1359 2475 homines
1386 2427 1557 2493 atque
1586 2416 1911 2476 effeminari
1938 2418 2319 2477 arbitrantur.

389 2512 468 2567 25
573 2504 681 2563 111.
728 2506 964 2562 Publice
995 2506 1307 2563 maximam
1335 2516 1541 2582 putant
1566 2524 1693 2564 esse
1720 2505 1974 2577 laudem,
1997 2524 2173 2584 quam
2202 2508 2483 2567 latissime

493 2612 530 2651 a
555 2594 678 2651 suis
705 2594 916 2651 finibus
945 2611 1158 2651 vacare
1187 2612 1393 2672 agros:
1436 2594 1549 2652 hac
1578 2614 1641 2653 re
1668 2596 2006 2672 significari,
2051 2614 2334 2675 magnum
2376 2618 2481 2657 nu-

493 2700 722 2741 merum
765 2684 1088 2743 civitatium
1143 2702 1311 2741 suam
1355 2684 1477 2741 vim
1520 2685 1805 2743 sustinere
1850 2703 1965 2742 non
2008 2704 2193 2761 posse.
2279 2685 2482 2764 Itaque

493 2790 612 2829 una
637 2791 711 2829 ex
739 2781 900 2848 parte
929 2792 966 2829 a
993 2772 1205 2831 Suevis
1231 2773 1467 2831 circiter
1487 2773 1675 2831 millia
1711 2792 1989 2849 passuum
2016 2792 2087 2833 nc
2110 2777 2239 2852 agri
2267 2795 2481 2835 vacare

491 2860 784 2919 dicuntur.
869 2860 967 2917 Ad
995 2862 1238 2919 alteram
1278 2872 1501 2937 partem
1542 2862 1868 2921 succedunt
1892 2862 2048 2933 Ubii,
2078 2883 2331 2939 quorum
2372 2865 2481 2925 fuit

387 2958 466 3015 30
491 2950 698 3008 civitas
737 2947 932 3024 ampla
975 2958 1148 3023 atque
1191 2950 1421 3020 florens,
1466 2960 1529 3009 ut
1570 2962 1657 3008 est
1698 2961 1903 3027 captus
1946 2950 2393 3025 Germanorum,
2422 2965 2483 3013 et

491 3038 682 3115 paule,
700 3050 876 3113 quam
903 3046 1042 3095 sunt
1065 3038 1118 3113 ej
1127 3038 1328 3095 undem
1343 3040 1596 3116 generis,
1616 3040 1792 3097 etiam
1814 3042 2061 3099 caeteris
2088 3042 2476 3115 humaniores,

489 3137 790 3205 propterea
829 3125 980 3203 quod
1011 3126 1280 3185 Rhenum
1325 3128 1634 3206 attingunt,
1664 3129 2031 3206 multumque
2078 3130 2150 3187 ad
2190 3150 2289 3189 eos
2328 3152 2476 3191 mer-

489 3226 714 3275 catores
741 3217 1044 3285 ventitanu
1073 3225 1132 3275 et
1159 3216 1269 3291 ipsi
1299 3226 1529 3293 propter
1556 3214 2037 3296 propinquitatem
2074 3219 2321 3279 Gallicis
2344 3233 2477 3280 sunt

488 3304 744 3363 moribus
785 3304 1116 3363 assuefacti.
1202 3304 1326 3363 Hos
1374 3322 1557 3381 quum
1600 3306 1802 3377 Suevi,
1846 3308 2045 3366 multis
2088 3328 2261 3385 saepe
2307 3310 2476 3370 bellis

385 3404 461 3459 35
487 3394 726 3471 experti,
756 3404 981 3471 propter
1009 3394 1448 3475 amplitudinem
1474 3396 1933 3473 gravitatemque
1962 3397 2231 3468 civitatiS,
2262 3398 2475 3457 finibus

485 3481 778 3560 expellere
819 3500 932 3540 non
973 3484 1306 3559 potuissent,
1351 3492 1543 3541 tamen
1573 3486 1889 3563 vectigales
1930 3487 2039 3544 sibi
2084 3486 2370 3558 fecerunt,
2404 3508 2474 3547 ac

485 3572 666 3631 multo
691 3560 1028 3629 humiliores
1056 3572 1519 3647 infirmioresque
1546 3573 1914 3651 redegerunt.

485 3714 498 3725 ,
563 3659 670 3717 IV.
713 3658 780 3716 In
807 3658 1012 3715 eadem
1049 3678 1234 3717 causa
1261 3658 1498 3722 fuerunt
1536 3660 1803 3738 Usipetes
1832 3673 1891 3721 et
1920 3664 2296 3736 Tenchtheri,
2326 3686 2472 3743 quos

485 3761 665 3817 supra
689 3745 959 3813 diximus,
987 3748 1090 3818 qui
1115 3746 1445 3818 complures
1474 3766 1653 3808 annos
1680 3750 2008 3835 Suevorum
2031 3753 2150 3811 vim
2178 3756 2467 3815 sustinue-
