2709 4300
236 290 351 342 Cn.
370 290 465 344 Εἰ]
1008 288 1205 338 LIBER
1240 289 1546 370 QUINTUs.
2229 281 2330 344 ,Ν

234 447 303 489 ne
322 426 847 504 multitude,quam
868 428 991 504 ipse
1012 427 1073 486 in
1098 428 1548 486 multitudinem.
1617 427 1852 487 Civitati
1879 445 2048 504 porro
2074 428 2226 486 hane

233 515 421 578 fuisse
464 516 600 574 belli
638 535 901 585 causam,
932 517 1084 592 quod
1128 519 1468 592 repentinae
1497 517 1807 576 Gallorum
1845 516 2226 594 conjurationi

234 606 513 664 resistere
542 623 655 668 non
686 607 963 681 potuerit:
1007 605 1065 663 id
1094 625 1157 662 se
1188 605 1364 664 facile
1387 623 1463 664 ex
1491 606 1816 666 humilitate
1843 624 1954 665 sua
1981 605 2226 682 probare

218 713 421 771 -pqese,
469 693 623 770 quod
658 711 791 773 ‘non
840 694 985 754 adeo
1031 695 1105 752 sit
1154 695 1458 770 imperitus
1506 712 1720 764 rerum,
1767 704 1832 752 ut
1877 695 2000 752 suis
2045 694 2227 771 copiis

234 783 527 858 Populum
576 782 907 842 Romanum
950 803 1014 840 se
1059 799 1341 860 superare
1397 802 1560 860 posse
1608 781 1894 843 confidat:
1952 783 2054 844 sed
2095 802 2224 842 esse
2242 791 2288 843 5
2328 794 2332 796 ’

234 872 473 930 Galliae
500 890 809 930 commune
836 873 1145 933 consilium
1166 891 1185 944 3
1228 873 1500 932 omnibus
1528 872 1786 931 hibernis
1831 871 2102 932 Caesaris
2127 892 2222 948 op-

230 959 563 1038 pugnandis
584 960 743 1019 hunc
762 979 892 1020 esse
914 961 1133 1028 dictum
1154 961 1325 1030 diem,
1351 981 1424 1018 ne
1445 981 1564 1037 qua
1593 960 1742 1038 legio
1765 961 1984 1018 alterae
2011 961 2225 1039 legioni

230 1039 493 1108 subsidio
540 1051 741 1107 venire
798 1060 1029 1126 posset:
1095 1069 1209 1108 non
1269 1049 1446 1108 facile
1503 1049 1706 1108 Gallos
1762 1050 1952 1108 Gallis
2004 1068 2224 1127 negare

230 1141 507 1216 potuisse,
531 1140 869 1214 praesertim
898 1157 1079 1214 quum
1100 1139 1171 1196 de
1192 1139 1598 1215 recuperanda
1631 1141 1930 1196 conununi
1957 1138 2222 1198 libertate

163 1222 167 1225 ’
226 1228 543 1286 consilium
586 1228 795 1286 initum
837 1228 1145 1286 videretur.
1170 1225 1186 1236 ‘
1248 1227 1480 1294 Quibus
1527 1229 1802 1303 quoniam
1859 1247 1960 1303 pro
2003 1230 2216 1304 pietate
2252 1235 2328 1292 10

228 1316 597 1386 satisfecerit,
640 1317 855 1374 habere
896 1336 957 1374 se
1000 1335 1157 1374 nunc
1210 1318 1492 1374 rationem
1545 1316 1718 1374 officii
1773 1335 1874 1392 pro
1924 1317 2222 1376 beneficiis

228 1406 533 1478 Caesaris3
566 1424 817 1474 monere,
835 1423 1001 1464 erare
1021 1405 1315 1464 Titurium
1338 1423 1442 1480 pro
1464 1405 1722 1479 hospitiO,
1747 1415 1810 1462 ut
1825 1423 1966 1462 suae
1985 1425 2056 1462 ac
2073 1407 2221 1462 mili-

228 1485 357 1552 tum
374 1494 549 1553 saluti
568 1495 857 1552 consulat:
889 1513 1161 1570 magnam
1182 1511 1424 1549 manum
1439 1492 1862 1550 Germanorum
1879 1493 2224 1550 conductam

232 1584 509 1642 Rhenum
550 1583 859 1654 transisse3
906 1583 1057 1640 hanc
1089 1581 1265 1640 affore
1294 1581 1486 1638 biduo.
1571 1577 1835 1656 Ipsorum
1861 1601 1988 1640 esse
2016 1583 2222 1640 consil-

228 1673 375 1742 ium,
407 1671 659 1730 velintne
703 1672 881 1747 prius,
910 1689 1089 1746 quam
1118 1670 1347 1728 finitimi
1377 1669 1648 1740 sentiant,
1671 1668 1908 1734 eductos
1933 1690 2006 1728 ex
2035 1671 2221 1730 hiber.
2244 1681 2326 1736 ,15

228 1762 324 1821 nie
369 1761 581 1818 milites
630 1770 731 1818 aut
772 1760 841 1818 ad
888 1759 1229 1818 Ciceronem
1277 1769 1379 1816 aut
1425 1758 1496 1814 ad
1543 1757 1872 1826 Labienum
1915 1759 2222 1832 deducere,

228 1869 480 1926 quorum
520 1849 666 1907 alter
708 1849 895 1906 milliar
933 1867 1213 1924 passuum
1241 1849 1476 1906 circiter
1503 1867 1558 1917 L,
1591 1848 1744 1905 alter
1771 1849 1946 1924 paulo
1975 1851 2224 1926 amplius

230 1941 307 1996 ab
348 1940 439 1996 his
480 1939 646 1996 absit.
730 1937 883 1994 Illud
925 1957 987 1994 se
1031 1937 1311 2012 polliceri,
1342 1947 1400 1994 et
1435 1937 1818 2012 jurejurando
1859 1939 2220 2012 confirmare,

227 2039 423 2086 tutum
464 2029 572 2085 iter
612 2045 717 2104 per
755 2027 903 2085 fines
943 2045 1077 2084 suos
1116 2026 1434 2098 daturum3
1493 2026 1646 2102 quod
1693 2045 1874 2102 quum
1925 2027 2120 2098 faciat,
2165 2039 2222 2086 et

235 2117 461 2176 civitati
488 2135 614 2174 sese
652 2116 977 2185 consulere,
1008 2115 1159 2190 quod
1204 2115 1462 2173 hibernis
1488 2116 1732 2187 levetur,
1764 2126 1820 2175 et
1847 2117 2088 2177 Caesari
2117 2137 2220 2195 pro
2243 2127 2326 2183 20

230 2208 363 2283 ejus
408 2207 627 2263 meritis
671 2206 921 2283 gratiam
966 2204 1207 2263 referre·
1293 2204 1426 2263 Hac
1453 2206 1708 2265 oratione
1737 2206 1948 2277 habita,
1979 2207 2222 2267 discedit

237 2296 565 2355 Ambiorix.
1282 2332 1289 2335 -

319 2383 597 2443 XXVIII.
644 2384 965 2459 Arpineius
1008 2393 1067 2440 et
1108 2382 1143 2439 J
1149 2383 1341 2453 uniuS,
1371 2404 1524 2459 quae
1565 2382 1868 2453 audierint,
1899 2382 2220 2459 adlegatos

230 2472 519 2533 deferunt.
624 2472 746 2542 mi,-
788 2472 1095 2549 repentina
1142 2492 1209 2529 re
1256 2472 1594 2548 perturbati,
1643 2473 1750 2530 etsi
1807 2471 1880 2527 ab
1934 2472 2094 2529 hoste
2149 2490 2222 2529 ea

230 2562 595 2631 dicebantur,
624 2580 738 2619 non
767 2572 960 2619 tamen
989 2561 1337 2637 negiigenda
1367 2560 1806 2619 existimabant:
1851 2561 2220 2635 maximeque
2243 2574 2324 2627 25

230 2654 342 2709 hac
390 2670 452 2709 re
498 2651 998 2727 permovebantur,
1028 2650 1179 2725 quod
1218 2651 1514 2707 civitatem
1555 2648 1864 2724 ignobilem
1907 2658 2077 2725 atque
2115 2650 2219 2707 hu-

229 2741 429 2799 milem
475 2738 819 2797 Eburonum
858 2758 967 2797 sua
1004 2747 1202 2813 sponte
1240 2736 1466 2811 Populo
1491 2736 1752 2811 Romano
1781 2738 1998 2793 bellum
2027 2736 2222 2795 faeere

230 2847 457 2898 ausam,
487 2828 585 2886 vix
622 2838 747 2886 erat
783 2828 1161 2887 credendum.
1242 2825 1447 2900 Itaque
1475 2824 1548 2884 ad
1576 2825 1883 2883 consilium
1913 2844 2036 2882 rem
2065 2824 2220 2883 defe-

232 2928 387 2987 runt,
412 2936 739 2993 magnaque
766 2918 917 2973 inter
942 2936 1041 2973 eos
1069 2916 1290 2973 exsistit
1318 2916 1727 2973 controversia.
1799 2914 1874 2973 L.
1903 2916 2220 2973 Auruncu-

230 3008 387 3065 leius
429 3006 872 3081 compluresque
920 3005 1137 3062 tribuni
1188 3004 1438 3062 militum
1483 3015 1540 3063 et
1583 3005 1900 3080 primorum
1949 3004 2221 3063 ordinum
2247 3018 2326 3073 3ο

230 3096 616 3163 centuriones,
636 3088 804 3151 Nihil
833 3103 1049 3151 temere
1078 3094 1386 3169 agendum,
1409 3112 1596 3170 neque
1619 3114 1692 3151 ex
1713 3094 1969 3152 hibernis
1996 3094 2221 3169 injussu

230 3186 507 3245 Caesaris
560 3183 993 3253 discedendum,
1049 3184 1494 3264 existimabant:
1561 3183 1922 3249 Quantasvis
1977 3200 2224 3259 magnas

232 3275 413 3333 etiam
448 3274 647 3349 copias
692 3272 1119 3331 Germanorum
1163 3273 1436 3329 sustineri
1459 3292 1641 3347 posse
1679 3272 1918 3329 munitis
1945 3271 2219 3341 hibernis,

232 3364 551 3421 docebant:
612 3360 763 3419 Rem
803 3381 929 3419 esse
973 3361 1313 3431 testimonie,
1342 3361 1494 3435 quod
1533 3361 1785 3436 primum
1825 3361 2074 3419 hostium
2115 3360 2220 3416 im-

232 3463 451 3530 petum,
474 3450 675 3509 multis
704 3450 853 3507 ultro
875 3450 1213 3508 vulneribus
1240 3450 1436 3519 illatis,
1468 3448 1774 3507 fortissime
1802 3450 2180 3507 sustinuerint
2204 3469 2218 3505 z
2247 3462 2324 3518 35

234 3560 297 3598 re
337 3538 717 3609 frumentaria
758 3558 872 3597 non
912 3541 1132 3615 premi:
1176 3540 1396 3595 interea
1423 3548 1482 3595 et
1509 3557 1582 3595 ex
1630 3539 1908 3613 proximis
1937 3537 2218 3607 hibernis,

232 3639 291 3687 et
336 3647 371 3686 a
418 3627 691 3697 Caesare,
742 3638 1100 3687 conventura
1155 3626 1446 3684 subsidia:
1514 3636 1814 3702 postremo,
1871 3626 2031 3692 Quid
2091 3645 2220 3685 esse

164 3791 171 3799 ι
234 3715 423 3778 levius
467 3727 569 3775 aut
616 3719 861 3793 turpius,
900 3736 1095 3793 quam,
1140 3725 1375 3779 auctore
1421 3716 1596 3785 hoste,
1639 3715 1711 3772 de
1757 3716 2002 3779 summis
2049 3716 2222 3775 rebus

236 3825 449 3883 capere
478 3805 835 3873 consilium?
1571 3841 1594 3873 .,

1166 3936 1181 3951 .
1211 3898 1247 3950 9
1595 3904 1600 3911 ’
