2709 4300
380 231 467 292 ω
1099 243 1187 292 ns
1232 243 1446 292 snam
1483 243 1768 290 carmon
2171 246 2311 300 [cn.
2332 253 2478 295 10-12.

480 379 829 440 munitiones
856 379 1098 458 adjecto,
1128 380 1325 440 locum
1367 391 1666 458 ceperunt,
1693 400 1908 457 eosque
1933 401 2010 438 ex
2039 383 2206 442 silvis
2237 383 2484 462 expule-

480 479 634 540 runt,
664 472 869 546 paucis
896 471 1239 530 vulneribus
1278 473 1552 548 acceptis.
1633 471 1748 528 Sed
1789 491 1890 530 eos
1927 471 2218 548 fugientes
2245 473 2484 550 longius

478 559 699 618 Caesar
742 563 1009 637 prosequi
1052 563 1250 631 vetuit,
1292 571 1353 620 et
1375 561 1544 638 'quod
1591 561 1704 618 loci
1751 571 2020 618 naturam
2067 563 2390 638 ignorabat,
2421 573 2480 622 et

478 649 650 725 quod,
706 668 921 726 magna
976 661 1137 726 parte
1192 651 1307 710 diei
1363 662 1718 728 consumpta,
1775 651 2079 709 munitioni
2147 661 2480 712 castrorum

414 749 459 808 5
480 749 709 815 tempus
737 739 985 816 relinqui
1015 740 1261 799 volebat.

560 829 635 888 X.
683 829 959 888 Postridie
1004 830 1133 905 ejus
1178 829 1295 886 diei
1342 848 1514 888 mane
1559 831 1842 906 tripartito
1881 831 2094 890 milites
2131 833 2480 908 equitesque

478 919 539 976 in
584 919 1003 996 expeditionem
1044 919 1215 987 misit,
1248 929 1311 976 ut
1348 937 1468 989 eos,
1501 921 1604 996 qui
1647 919 1934 998 fugerant,
1963 932 2476 997 persequerentur.

479 1007 591 1066 His
618 1010 979 1086 aliquantum
1008 1009 1229 1066 itineris
1256 1010 1592 1086 progressis,
1621 1029 1806 1085 quum
1841 1011 1968 1084 jam
2005 1012 2252 1068 extremi
2281 1020 2480 1069 essent

478 1099 539 1156 in
580 1110 903 1176 prospectu,
932 1099 1157 1174 equites
1186 1118 1223 1155 a
1249 1099 1327 1164 Q.
1371 1099 1541 1156 Atrio
1583 1099 1656 1156 ad
1697 1099 2010 1158 Caesarem
2037 1110 2341 1170 venerunt,
2369 1103 2480 1176 qui

379 1197 455 1254 10
478 1191 841 1259 nunciarent,
902 1189 1217 1265 Superiora
1285 1198 1471 1258 nocte,
1531 1189 1784 1246 maxima
1851 1201 2046 1248 coorta
2112 1200 2478 1266 tempestate,

477 1297 653 1356 prope
696 1297 897 1338 omnes
938 1297 1119 1337 naves
1175 1277 1438 1348 afflictas,
1485 1289 1660 1354 atque
1714 1280 1776 1335 in
1824 1277 1989 1337 litore
2035 1279 2252 1353 ejectas
2299 1299 2472 1352 esse3

478 1370 631 1446 quod
672 1388 865 1446 neque
910 1370 1217 1440 anchorae,
1260 1369 1546 1446 funesque
1589 1370 1980 1440 subsisterent,
2021 1389 2214 1446 neque
2257 1381 2478 1428 nautae

478 1460 1009 1562 gubernatoresque
1036 1460 1155 1516 vim
1190 1461 1307 1536 pati
1348 1460 1702 1535 tempestatis
1741 1470 2002 1535 possent:
2045 1461 2240 1536 itaque
2287 1479 2361 1518 ex
2407 1481 2480 1518 eo

478 1567 771 1608 concursu
798 1551 1037 1607 navium
1064 1567 1345 1627 magnum
1373 1568 1501 1606 esse
1529 1549 1954 1607 incommodum
1983 1560 2314 1626 acceptum.

392 1637 467 1694 15
574 1638 677 1696 XI.
738 1637 851 1696 His
906 1639 1081 1696 rebus
1134 1639 1396 1740 cognitis,
1449 1638 1670 1696 Caesar
1723 1637 1981 1716 legiones
2033 1640 2478 1717 equitatumque

480 1728 759 1797 revocari,
792 1737 963 1804 atque
1004 1729 1211 1786 itinere
1252 1699 1528 1786 desistere
1567 1728 1768 1803 jubet.
1809 1729 1934 1804 ipse
1963 1727 2034 1784 ad
2062 1747 2244 1786 naves
2279 1748 2476 1786 rever-

476 1819 651 1876 titur·
706 1819 913 1878 eadem
962 1818 1103 1890 fers,
1152 1839 1305 1895 quae
1352 1837 1426 1876 ex
1475 1819 1706 1877 nunciis
1753 1817 2050 1894 literiqu
2100 1831 2476 1896 cognoverat,

476 1925 675 1966 coram
721 1911 1013 1987 perspicit,
1042 1911 1129 1968 sic
1158 1921 1239 1981 ut,
1270 1910 1501 1968 amissis
1541 1910 1776 1968 circiter
1801 1927 1880 1968 11.
1911 1911 2176 1979 navibuS,
2208 1911 2480 1988 reliquae

474 2006 669 2056 tamen
718 1999 883 2057 refici
933 2019 1097 2076 posse
1146 2018 1357 2077 magno
1411 1999 1640 2076 negotio
1687 1998 2041 2056 viderentur.
2142 1997 2350 2076 Itaque
2401 2020 2480 2058 ex

370 2093 451 2150 20
476 2086 801 2165 legionibus
822 2087 1013 2146 fabros
1032 2088 1264 2167 delegit,
1284 2099 1343 2148 et
1359 2107 1433 2146 ex
1455 2088 1769 2146 continenti
1797 2088 1944 2146 alios
1971 2090 2242 2148 arcessiri
2263 2089 2476 2166 jubet;

476 2174 737 2235 Labieno
762 2178 981 2248 scribit,
1012 2188 1093 2249 ut,
1116 2198 1295 2256 quam
1324 2178 1606 2255 plurimas
1635 2188 1838 2253 posset,
1869 2178 1940 2237 iis
1968 2177 2294 2255 legionibus
2321 2200 2483 2257 quae

474 2276 611 2325 sunt
650 2268 807 2343 apud
846 2286 1003 2337 eum,
1032 2286 1217 2327 naves
1258 2269 1537 2327 instituat.
1622 2268 1770 2344 Ipse,
1799 2269 1907 2325 etsi
1949 2286 2044 2327 res
2083 2278 2212 2327 erat
2251 2270 2482 2327 multae

474 2375 685 2433 operae
714 2376 783 2415 ac
812 2356 1043 2427 laboris,
1073 2366 1269 2415 tamen
1298 2356 1826 2415 commodissimum
1869 2376 1996 2415 esse
2025 2358 2241 2427 statuit,
2271 2377 2480 2417 omnes

474 2464 655 2504 naves
682 2446 947 2515 subduci,
976 2456 1035 2503 et
1060 2466 1199 2505 cum
1242 2448 1452 2505 castris
1492 2464 1610 2504 una
1653 2446 1970 2503 munitione
2017 2447 2321 2523 conjungi.
2408 2448 2478 2505 In

368 2546 449 2599 25
474 2536 565 2593 his
592 2536 767 2593 rebus
792 2536 1029 2593 circiter
1068 2534 1193 2593 dies
1232 2534 1438 2593 decem
1477 2536 1784 2605 consumit,
1813 2554 1888 2593 ne
1907 2536 2208 2593 nocturnis
2235 2536 2480 2611 quidem

472 2626 825 2701 temporibus
854 2624 925 2681 ad
953 2624 1212 2683 laborem
1240 2624 1489 2681 militum
1519 2624 1882 2682 intermissis.
1965 2623 2282 2681 Subductis
2310 2628 2476 2683 navi.

474 2714 600 2784 bue,
632 2715 951 2789 castrisque
996 2715 1231 2791 egregie
1276 2714 1531 2782 munitis,
1577 2712 1812 2771 easdem
1855 2714 2069 2789 copias,
2117 2732 2264 2788 quas
2315 2726 2474 2785 ante,

472 2804 755 2881 praesidio
796 2803 1043 2861 navibus
1089 2804 1362 2879 reliquit:
1405 2803 1528 2877 ipse
1569 2800 1788 2881 eodem,
1819 2800 1972 2859 unde
1999 2801 2270 2873 redierat,
2286 2798 2474 2879 profi.

473 2892 732 2951 ciscitur.
817 2892 907 2949 Eo
947 2910 1130 2967 quum
1164 2893 1434 2961 venisset,
1477 2891 1728 2966 majores
1761 2891 1886 2965 jam
1927 2890 2184 2965 undique
2227 2892 2288 2953 in
2331 2912 2474 2951 eum

369 2992 449 3047 30
472 2982 667 3040 locum
708 2982 910 3057 copiae
938 2981 1351 3038 Britannorum
1393 2989 1803 3048 convenerant,
1833 2998 2064 3037 summa
2091 2980 2320 3055 imperii
2351 2982 2474 3039 bel-

471 3071 629 3147 lique
660 3066 1100 3129 administrandi-
1118 3070 1416 3127 communi
1445 3068 1684 3126 consilio
1707 3068 1985 3143 permissa
2005 3068 2472 3141 cassivellauno,

470 3160 643 3235 cujus
670 3161 817 3219 fines
844 3180 881 3217 a
909 3160 1211 3217 maritimis
1238 3157 1568 3215 civitatibus
1595 3158 1814 3215 flumen
1843 3157 2062 3227 dividit,
2091 3158 2244 3233 quod
2273 3161 2470 3236 appel.

470 3246 627 3305 latur
649 3248 936 3318 Tamesis,
966 3268 1003 3307 a
1030 3250 1177 3305 mari
1216 3248 1452 3305 circiter
1491 3246 1677 3303 millia
1716 3264 1995 3321 passuum
2041 3264 2220 3305 Lxxx.
2305 3246 2472 3308 Huic

470 3338 767 3413 superiore
794 3348 1049 3415 tempore
1076 3356 1216 3395 cum
1256 3336 1498 3412 reliquis
1537 3334 1870 3395 civitatibus
1917 3336 2270 3393 continentia
2313 3336 2472 3397 bella

368 3438 445 3493 35
470 3426 947 3485 intercesserant:
988 3426 1091 3484 sed
1120 3436 1310 3485 nostro
1338 3424 1591 3482 adventu
1619 3425 1863 3501 permoti
1889 3424 2156 3484 Britanni
2179 3426 2342 3484 hunc
2365 3429 2468 3486 toti

470 3515 620 3575 bello
646 3516 1003 3592 imperioque
1026 3515 1445 3592 praefecerant.

550 3603 683 3662 ΧΠ.
730 3604 1067 3661 Britanniae
1113 3622 1247 3679 pars
1290 3604 1528 3661 interior
1569 3603 1644 3661 ab
1684 3604 1756 3661 iis
1791 3604 2084 3673 incolitur,
2113 3622 2258 3679 quos
2299 3614 2468 3664 natos

468 3692 529 3745 in
556 3692 749 3747 insula
776 3692 903 3765 ipsa
943 3694 1221 3749 memoria
1262 3692 1548 3766 proditum
1589 3690 1828 3750 dicuntt
1873 3693 2164 3749 maritima
2212 3712 2349 3769 pars
2391 3695 2468 3753 ab

470 3774 561 3839 iis,
582 3777 685 3845 qui
705 3776 953 3847 praedae
974 3794 1047 3833 ac
1068 3778 1205 3834 belli
1232 3777 1516 3835 inferendi
1537 3798 1721 3839 causa
1745 3799 1821 3837 ex
1843 3780 2043 3856 Belgis
2069 3783 2424 3843 transierant
2443 3800 2464 3854 3
