2709 4300
203 273 325 321 cn.
345 279 388 328 s,
407 273 477 328 a]
985 275 1176 324 LIBER
1211 275 1539 332 QUARTUS.
2226 273 2303 330 ’11

207 421 394 484 runt3
443 411 515 469 ad
541 421 870 472 extremum
910 422 1124 484 tamen,
1153 415 1310 492 agris
1351 415 1599 493 expulsi,
1628 426 1685 474 et
1726 417 1923 476 miritis
1956 418 2201 478 Germa-

203 503 348 559 niae
397 503 542 560 locis
583 503 898 563 triennium
929 505 1142 580 vagati,
1173 505 1246 562 ad
1275 505 1549 563 Rhenum
1593 519 2013 582 pervenerunt:
2054 531 2203 587 quas

205 592 480 668 regiones
509 591 764 668 Menapii
791 593 1138 665 incolebant,
1169 603 1227 652 et
1267 595 1340 651 ad
1372 605 1676 671 utramque
1718 597 1903 674 ripam
1946 600 2204 660 fluminis

205 699 402 758 agros,
435 680 719 752 aedificia,
751 682 1026 758 vicosque
1069 683 1356 743 habebant
1373 704 1392 757 3
1438 683 1538 742 sed
1582 695 1773 744 tantae
1816 687 2203 750 multitudinis

203 769 372 826 aditu
401 771 708 845 perterriti,
727 789 800 828 ex
829 771 919 828 his
947 771 1243 842 aedificiis,
1261 792 1413 849 quae
1434 784 1595 832 trans
1621 775 1837 832 flumen
1862 777 2199 850 habuerant,
2226 781 2267 836 5

201 859 679 936 demigraverant
701 879 720 932 3
755 858 841 930 ³et,
871 860 958 918 cis
987 860 1260 920 Rhenum
1289 862 1577 938 dispositis
1605 865 1925 941 praesidiis,
1958 867 2199 926 Germa-

200 967 314 1004 nos
353 949 604 1006 transire
647 949 1046 1026 prohibebant.
1130 949 1242 1020 Illi,
1273 953 1468 1010 omnia
1508 954 1749 1029 experti,
1780 957 1962 1029 quum
2010 975 2201 1033 neque

201 1038 266 1094 vi
297 1037 648 1094 contendere
689 1047 917 1115 propter
943 1039 1194 1116 inopiam
1235 1041 1495 1110 navium,
1521 1061 1715 1118 neque
1758 1045 1911 1102 clam
1951 1035 2199 1104 transire

199 1137 440 1202 propter
489 1126 780 1184 custodias
827 1127 1227 1203 Menapiorum
1279 1140 1529 1209 possent,
1581 1134 1791 1190 reverti
1840 1151 1905 1192 se
1932 1136 2014 1196 ‚in
2062 1155 2201 1193 suas

200 1216 378 1273 sedes
422 1218 804 1292 regionesque
849 1218 1311 1292 simulaverunt3
1357 1231 1417 1278 et
1466 1219 1643 1279 tridui
1693 1223 1847 1280 viam
1892 1227 2197 1300 progressi,
2228 1229 2303 1284 10

201 1323 416 1362 rursus
445 1315 821 1376 reverterunt,
853 1317 1022 1382 atque
1049 1309 1206 1366 omni
1234 1309 1344 1366 hoc
1366 1310 1571 1368 itinere
1596 1329 1711 1368 una
1738 1322 1907 1370 nocte
1934 1315 2197 1389 equitatu

198 1395 489 1466 confectO,
521 1397 730 1473 inscios
757 1398 1230 1475 inopinantesque
1267 1398 1567 1477 Menapios
1608 1415 2033 1477 oppresserunt,
2074 1401 2225 1480 qui,²

199 1485 278 1542 de
309 1485 738 1543 Germanorum
765 1487 1022 1545 discessu
1052 1507 1156 1564 per
1175 1489 1567 1564 exploratores
1594 1491 1867 1548 certiores
1887 1490 2048 1562 facti,
2073 1497 2197 1552 sine

201 1585 368 1634 metu
395 1586 556 1634 trans
578 1576 850 1634 Rhenum
877 1579 936 1634 in
965 1597 1102 1636 suos
1131 1579 1291 1636 vicos
1320 1580 1796 1655 remigraverunt.
1880 1581 1992 1638 His
2024 1584 2196 1640 inter-

203 1663 394 1734 fectiS,
424 1666 784 1741 navibusque
828 1685 1028 1723 eorum
1073 1667 1389 1743 occupatis,
1420 1669 1755 1744 priusquam
1800 1689 1871 1728 ea
1912 1690 2047 1747 pars
2075 1672 2195 1730 Me·
2228 1675 2301 1728 15

201 1755 533 1831 napiorum,
575 1773 728 1830 quae
769 1756 917 1812 citra
960 1755 1232 1814 Rhenum
1275 1757 1473 1832 quieta
1512 1757 1572 1821 in
1616 1758 1739 1815 suis
1776 1759 2009 1818 sedibus
2054 1773 2195 1836 erat,

201 1845 420 1901 certior
447 1843 631 1914 fieret,
660 1845 876 1901 flumen
907 1847 1274 1915 transierunt,
1305 1856 1479 1922 atque
1507 1848 1775 1906 omnibus
1812 1867 2013 1906 eorum
2042 1851 2194 1908 aedi-

201 1933 358 1990 ficiis
404 1927 720 2009 occupatis,
771 1934 1058 2009 reliquam
1107 1944 1332 2011 partem
1398 1936 1601 1994 hiemis
1655 1957 1719 1996 se
1766 1957 1965 1997 eorum
2014 1943 2195 2018 copiis

201 2023 502 2081 aluerunt.
1602 2051 1605 2057 ·

285 2111 366 2169 V.
413 2111 539 2173 His
570 2111 640 2171 de
691 2113 866 2171 rebus
913 2112 1130 2171 Caesar
1175 2114 1388 2173 certior
1432 2114 1640 2186 factus,
1688 2125 1747 2175 et
1801 2117 2193 2179 infirmitatem
2220 2121 2299 2179 20

203 2202 514 2260 Gallorum
543 2204 781 2274 veritus,
820 2202 972 2279 quod
1017 2214 1152 2261 sunt
1195 2204 1255 2260 in
1299 2206 1557 2263 consiliis
1597 2208 1892 2283 capiendis
1934 2211 2191 2281 mobiles,

201 2302 262 2349 et
303 2293 467 2349 novis
507 2292 852 2369 plerumque
896 2293 1070 2350 rebus
1111 2292 1356 2363 student,
1400 2294 1545 2352 nihil
1591 2294 1681 2354 his
1721 2299 2193 2356 committendum

201 2382 576 2439 existimavit.
661 2381 770 2440 Est
815 2391 1008 2439 antem
1052 2382 1160 2439 boc
1203 2382 1471 2441 Gallicae
1516 2384 1964 2454 consuetudinis,
2008 2387 2092 2442 uti
2136 2396 2193 2443 et

201 2471 471 2541 viatores,
515 2472 688 2529 etiam
733 2472 958 2540 invitos,
1001 2470 1314 2529 consistere
1355 2481 1603 2549 cogant3
1650 2481 1725 2541 et,
1768 2472 1919 2547 quod
1948 2474 2193 2551 quisque

201 2578 405 2616 eorum
449 2559 520 2616 de
565 2578 795 2635 quaque
841 2578 904 2617 re
951 2560 1198 2617 audierit
1241 2570 1342 2618 aut
1382 2561 1735 2637 cognoverit,
1792 2572 2092 2636 quaerant,
2135 2573 2192 2620 et
2218 2568 2295 2623 25

201 2659 556 2707 mercatores
596 2649 656 2705 in
683 2648 904 2725 oppidis
945 2649 1159 2725 vulgus
1199 2649 1605 2719 circumsistat,
1635 2650 1962 2725 quibusque
2000 2670 2073 2709 ex
2104 2671 2190 2710 re-

199 2738 472 2813 gionibus
514 2738 766 2808 veniant,
811 2756 1072 2813 quasque
1114 2739 1194 2795 ibi
1237 2756 1331 2794 res
1372 2739 1762 2814 cognoverint,
1807 2742 2191 2815 pronunciare

198 2836 433 2901 cogant.
519 2826 630 2883 His
659 2827 987 2885 rumoribus
1017 2836 1190 2903 atque
1235 2825 1621 2883 auditionibus
1649 2829 1907 2903 permoti,
1938 2828 2009 2887 de
2036 2845 2188 2887 sum-

197 2916 314 2971 mis
350 2934 523 2993 saepe
561 2917 734 2973 rebus
761 2916 1004 2989 consilia
1023 2916 1242 2986 ineunt,
1265 2933 1513 2990 quorum
1542 2934 1641 2973 eos
1668 2935 1701 2973 e
1731 2918 1973 2995 vestigio
1999 2920 2187 2995 poeni-

197 3014 324 3062 tere
345 3024 584 3063 necesse
611 3015 715 3075 est,
737 3024 920 3081 quum
947 3005 1184 3061 incertis
1201 3005 1531 3063 rumoribus
1558 3007 1830 3077 serviant,
1851 3018 1909 3066 et
1926 3008 2188 3084 plerique
2216 3014 2291 3069 80

199 3094 274 3151 ad
295 3087 649 3152 voluntatem
677 3112 880 3151 eorum
909 3094 1046 3151 ficta
1075 3092 1473 3175 respondeant.

279 3182 386 3241 VI.
431 3182 571 3248 Qua
615 3182 1033 3251 consuetudine
1073 3183 1322 3259 cognita,
1360 3182 1601 3255 Caesar,
1632 3202 1706 3241 ne
1751 3186 2005 3260 graviori
2036 3186 2187 3243 bello

194 3281 552 3341 occurreret,
581 3272 883 3341 maturius,
913 3288 1089 3347 quam
1127 3282 1451 3343 consuerat,
1482 3273 1551 3330 ad
1580 3275 1903 3331 exercitum
1930 3274 2184 3350 proficis-

194 3362 371 3420 citur.
457 3360 548 3418 Eo
574 3378 756 3436 quum
779 3360 1046 3429 venisset,
1067 3378 1156 3430 ea,
1175 3378 1326 3435 quae
1357 3360 1478 3419 sore
1505 3363 1837 3439 suspicatus
1862 3373 2006 3431 erat,
2032 3362 2185 3421 facta

193 3450 506 3528 cognovit3
551 3451 758 3507 missas
799 3449 1117 3525 legationes
1159 3468 1194 3507 a
1226 3449 1521 3507 nonnullis
1558 3452 1889 3509 civitatibus
1928 3452 1999 3509 ad
2038 3452 2181 3509 Ger·
2210 3460 2289 3514 35

192 3558 416 3615 manos,
465 3540 848 3614 invitatosque
889 3558 1004 3608 eos,
1057 3540 1140 3596 uti
1179 3538 1252 3595 ab
1297 3536 1501 3596 Rheno
1544 3538 1945 3612 discederent3
2002 3543 2181 3598 omni-

195 3648 364 3705 aque,
394 3646 544 3703 quae
573 3628 970 3705 postulassent,
995 3627 1068 3685 ab
1095 3646 1158 3685 se
1189 3626 1308 3685 sore
1337 3636 1557 3703 parata.
1640 3627 1779 3693 Qua
1818 3646 1919 3705 spe
1948 3628 2180 3688 adducti
2227 3677 2229 3679 v

195 3718 480 3776 Germani
523 3718 700 3775 latius
741 3717 865 3793 jam
909 3716 1284 3793 vagabantur,
1333 3725 1392 3773 et
1436 3716 1495 3771 in
1540 3716 1685 3774 fines
1741 3716 2081 3775 Eburonum
2122 3730 2179 3777 et

191 3806 626 3869 Condrusorum
680 3806 782 3883 qui
837 3814 970 3864 sunt
1025 3805 1404 3863 Trevirorum
1460 3804 1716 3877 clientes,
1772 3817 2171 3883 pervenerant.
