2709 4300
413 205 496 276 78
1129 213 1218 264 nr.
1255 213 1467 264 mm
1502 213 1789 267 ustum
2226 215 2365 270 [cn.
2386 224 2499 264 -ι-ιο.

513 351 882 430 Principibus
925 351 1158 412 Galliae
1203 353 1477 424 evocatis,
1526 352 1745 412 Caesar
1795 371 1889 422 ea,
1934 371 2089 428 quae
2130 367 2499 432 cognoverat,

511 440 930 500 dissimulanda
955 443 1068 500 sibi
1103 443 1469 512 existimavit,
1498 460 1817 517 eorumque
1854 442 2067 500 animis
2106 443 2423 519 permulsis
2448 455 2504 502 et

511 530 884 600 confirmatis,
933 533 1310 608 equitatuque
1366 532 1663 608 imperato,
1720 529 1938 588 bellum
1992 549 2133 590 cum
2190 531 2502 590 Germanis

509 637 716 696 gerere
745 620 1058 678 constituit.

445 717 486 775 6
593 707 727 768 VII.
801 707 892 768 Re
949 707 1326 768 frumentaria
1380 719 1730 785 comparata,
1778 708 2187 784 equitibusque
2242 709 2500 780 delectis,

512 796 622 854 iter
663 798 722 856 in
751 817 823 856 ea
863 797 994 856 loca
1037 797 1232 856 facere
1271 799 1477 876 coepit,
1504 797 1719 874 quibus
1745 797 1805 854 iu
1832 797 1975 854 locis
2014 816 2144 854 esse
2175 797 2501 856 Germanos

511 885 802 944 audiebat.
887 887 942 943 A
987 885 1200 962 quibus
1239 905 1425 962 quum
1472 904 1793 962 paucorum
1836 885 2061 944 dierum
2104 887 2215 944 iter
2258 887 2499 958 abesset,

511 974 690 1053 legati
733 975 806 1034 ab
833 975 924 1034 his
951 984 1253 1044 venerunt,
1283 991 1533 1050 quorum
1572 975 1723 1032 haec
1768 973 1875 1032 fuit
1914 975 2131 1032 oratio:
2178 975 2503 1034 Germanos

513 1082 702 1140 neque
743 1064 964 1141 priores
992 1063 1210 1140 Populo
1239 1063 1503 1122 Romano
1548 1063 1769 1120 bellum
1812 1061 2044 1133 inferre,
2074 1082 2267 1140 neque
2308 1075 2501 1122 tamen

413 1159 487 1216 10
516 1171 808 1224 recusare,
837 1155 888 1211 si
929 1153 1307 1222 lacessantur,
1335 1153 1479 1228 quin
1520 1152 1699 1210 armis
1742 1152 2129 1226 contendant3
2174 1153 2328 1229 quod
2360 1153 2500 1212 Ger-

515 1261 818 1300 manorum
845 1241 1200 1300 consuetudo
1227 1242 1375 1300 haec
1404 1242 1476 1298 sit
1504 1260 1541 1298 a
1570 1241 1883 1318 majoribus
1908 1241 2135 1310 tradita,
2164 1243 2501 1320 quicunque

515 1331 734 1390 bellum
761 1331 1028 1402 inferant,
1053 1331 1338 1400 resistere,
1364 1349 1553 1406 neque
1576 1329 1905 1406 deprecari:
1936 1331 2045 1388 hoc
2066 1340 2265 1388 tamen
2288 1331 2501 1402 dicere,

518 1423 744 1479 venisse
771 1421 995 1490 invitos,
1025 1419 1240 1496 ejectos
1279 1419 1467 1477 domo·
1550 1419 1614 1477 Si
1640 1438 1811 1477 suam
1848 1419 2099 1496 gratiam
2128 1419 2381 1477 Romani
2410 1440 2500 1478 ve-

518 1511 641 1582 lint,
671 1529 834 1587 posse
863 1510 948 1568 eis
977 1510 1148 1568 utiles
1191 1529 1318 1566 esse
1364 1510 1619 1566 anticos:
1664 1508 1757 1566 vel
1800 1507 1909 1566 sibi
1952 1527 2125 1584 agros
2167 1509 2498 1580 attribuant,

419 1603 490 1656 15
519 1601 612 1660 vel
650 1600 940 1678 patiantur
965 1618 1064 1658 eos
1091 1608 1308 1667 tenere,
1337 1617 1483 1674 quos
1520 1598 1696 1656 armis
1736 1595 2107 1673 possederint.
2190 1597 2335 1655 Sese
2375 1600 2503 1655 unis

517 1689 728 1746 Suevis
774 1687 1113 1755 concedere,
1155 1687 1369 1763 quibus
1416 1706 1490 1744 ne
1540 1686 1619 1744 dii
1658 1685 1893 1761 quidem
1942 1686 2295 1744 immortales
2338 1705 2504 1763 pares

517 1797 642 1834 esse
671 1778 918 1852 possint:
961 1777 1252 1852 reliquum
1278 1773 1511 1852 quidem
1540 1777 1599 1832 in
1628 1776 1797 1832 terris
1834 1794 1961 1832 esse
1990 1777 2300 1845 neminem,
2330 1795 2503 1852 quem

515 1882 630 1922 non
658 1885 938 1940 superare
969 1867 1204 1942 possint.

596 1951 760 2010 VIII.
807 1954 904 2011 Ad
955 1955 1100 2012 haec
1140 1954 1377 2024 Caesar,
1426 1971 1579 2028 quae
1630 1954 1820 2010 visum
1868 1963 1971 2022 est,
2024 1953 2357 2030 respondit3
2403 1956 2503 2012 sed

409 2049 492 2102 20
517 2043 706 2100 exitus
755 2041 864 2100 fuit
901 2044 1210 2101 orationis:
1239 2043 1379 2112 ‚Sibi
1428 2043 1653 2100 nullam
1692 2061 1833 2100 cum
1870 2043 1963 2100 his
2010 2044 2325 2100 aniicitiam
2378 2062 2505 2103 esse

513 2151 698 2211 posse,
725 2132 776 2192 ai
815 2132 878 2190 in
921 2131 1118 2189 Gallia
1147 2141 1549 2189 remanerent:
1593 2151 1783 2207 neque
1811 2152 2013 2190 verum
2052 2152 2197 2201 esse,
2228 2135 2329 2210 qui
2368 2154 2507 2193 suos

515 2222 664 2279 fines
706 2222 854 2280 tueri
897 2240 1010 2279 non
1053 2221 1355 2297 potuerint,
1402 2222 1621 2281 alienos
1664 2240 1993 2305 occupare:
2036 2234 2223 2299 neque
2255 2223 2403 2281 ullos
2446 2227 2507 2282 in

517 2312 714 2371 Gallie
741 2330 952 2369 vacare
981 2329 1170 2387 agrOS,
1197 2312 1298 2385 qui
1328 2310 1473 2380 dari,
1514 2320 1706 2369 tantae
1750 2313 2089 2387 praesertim
2120 2312 2504 2383 multitudini,

505 2378 640 2459 sine
669 2402 887 2478 injuria
903 2401 1138 2477 possint.
1222 2399 1338 2459 Sed
1368 2398 1564 2469 licere,
1593 2401 1642 2457 si
1666 2400 1910 2469 velint,
1894 2419 1955 2457 ιιι
1978 2400 2261 2457 Ubiorum
2290 2402 2509 2463 finibus

408 2500 490 2553 25
517 2490 831 2559 considere,
861 2508 1106 2565 quorum
1135 2489 1249 2545 sint
1277 2488 1457 2565 legati
1502 2488 1653 2565 apud
1682 2508 1765 2559 se,
1796 2500 1853 2547 et
1893 2488 1965 2547 de
1995 2489 2369 2550 Suevorum
2352 2494 2505 2567 1nju-

517 2581 620 2637 riis
645 2589 984 2655 querantur,
1013 2588 1071 2637 et
1099 2597 1134 2635 a
1161 2597 1224 2635 se
1263 2578 1549 2635 auxilium
1592 2588 1819 2655 petant:
1862 2578 1968 2638 hoc
1996 2598 2060 2636 se
2103 2578 2177 2635 ab
2205 2578 2415 2637 Ubiis
2398 2600 2510 2637 im-

515 2679 896 2745 patraturum.

595 2757 701 2817 lx.
745 2756 952 2835 Legati
983 2757 1130 2815 baec
1157 2776 1220 2815 se
1261 2755 1331 2815 ad
1362 2776 1497 2815 suos
1526 2756 1807 2815 relaturos
1850 2757 2159 2831 dixerunt3
2204 2767 2279 2827 et,
2313 2776 2376 2815 re
2405 2758 2509 2817 de-

515 2848 776 2917 liberata,
807 2856 930 2923 poet
957 2846 1110 2905 diem
1131 2847 1365 2904 tertium
1401 2846 1476 2903 ad
1505 2846 1819 2904 Caesarem
1850 2865 2216 2906 reversuros:
2260 2849 2509 2919 interea,

409 2946 491 3010 30
515 2955 588 2995 ne
618 2934 850 3012 propius
870 2954 932 2991 se
955 2945 1148 2993 castra
1169 2945 1443 3005 moveret,
1468 2937 1773 3010 petierunt.
1830 2936 1925 2993 Ne
1948 2935 2005 2992 id
2026 2937 2261 3011 quidem
2282 2937 2513 2995 Caesar

517 3026 590 3083 ab
617 3042 679 3081 se
709 3024 1006 3098 impetrari
1049 3042 1211 3099 posse
1255 3023 1434 3081 dixit:
1478 3034 1825 3100 cognoverat
1850 3026 2024 3095 enim,
2054 3044 2328 3102 magnam
2372 3046 2507 3103 par-

514 3124 632 3181 tem
661 3113 952 3189 equitatus
993 3112 1068 3169 ab
1095 3112 1166 3169 iis
1209 3112 1428 3188 aliquot
1456 3114 1660 3171 diebus
1702 3125 1833 3172 ante
1885 3114 2199 3189 praedandi
2246 3114 2509 3173 frumen-

515 3202 789 3277 tandique
819 3220 1000 3259 causa
1042 3201 1112 3259 ad
1145 3202 1541 3260 Ambivaritos
1582 3213 1739 3261 trans
1768 3202 1990 3262 Mosam
2036 3205 2289 3261 missam.
2378 3204 2512 3265 Hos
2550 3240 2563 3249 ·

514 3292 837 3367 exspectari
886 3292 1126 3367 equites„
1177 3301 1350 3367 atque
1400 3292 1529 3368 ejus
1574 3295 1657 3351 rei
1707 3311 1886 3352 causa
1931 3311 2150 3351 moram
2196 3294 2507 3370 interponi,

417 3392 488 3451 35
515 3380 920 3438 arbitrabatur.

597 3468 670 3527 X.
717 3468 880 3526 Mosa
907 3470 1135 3545 profluit
1161 3488 1234 3526 ex
1263 3480 1453 3528 monte
1482 3472 1733 3549 Vosego,
1762 3472 1864 3547 qui
1905 3481 1991 3529 est
2028 3472 2088 3529 in
2118 3470 2331 3531 finibus
2362 3471 2508 3531 Lin.

511 3577 748 3637 gonum,
777 3568 851 3627 et,
883 3570 1042 3633 parte
1071 3558 1320 3633 quadam
1361 3579 1433 3617 ex
1466 3560 1669 3619 Rheno
1711 3570 1963 3637 recepta,
1990 3579 2143 3635 quae
2173 3560 2511 3639 appellatur
2578 3574 2585 3581 ‘

515 3645 779 3715 Vahalis,
830 3646 1079 3703 insulam
1123 3648 1300 3705 efficit
1343 3648 1735 3723 Batavorum3
1801 3668 1991 3728 neque
2032 3649 2263 3725 longius
2311 3650 2386 3709 ab
2436 3670 2511 3709 eo

517 3732 772 3788 millibus
801 3750 1073 3803 passuum
1105 3752 1263 3789 Lxxx
1303 3735 1361 3790 in
1392 3736 1695 3793 Oceanum
1721 3740 1945 3795 transit.
2031 3737 2274 3803 Rhenus
2302 3749 2508 3799 autem
