<?xml version="1.0" encoding="UTF-8"?>
<!DOCTYPE html PUBLIC "-//W3C//DTD XHTML 1.0 Transitional//EN"
    "http://www.w3.org/TR/xhtml1/DTD/xhtml1-transitional.dtd">
<html xmlns="http://www.w3.org/1999/xhtml" xml:lang="en" lang="en">
 <head>
  <title>
</title>
<meta http-equiv="Content-Type" content="text/html;charset=utf-8" />
  <meta name='ocr-system' content='tesseract 3.04.00' />
  <meta name='ocr-capabilities' content='ocr_page ocr_carea ocr_par ocr_line ocrx_word'/>
</head>
<body>
  <div class='ocr_page' id='page_1' title='image "./cjuliuscaesarsc01spengoog_0066.png"; bbox 0 0 2709 4300; ppageno 0'>
   <div class='ocr_carea' id='block_1_1' title="bbox 963 631 1933 708">
    <p class='ocr_par' dir='ltr' id='par_1_1' title="bbox 963 631 1933 708">
     <span class='ocr_line' id='line_1_1' title="bbox 963 631 1933 708; baseline -0.004 0"><span class='ocrx_word' id='word_1_1' title='bbox 963 633 1046 708; x_wconf 82' lang='grc' dir='ltr'><strong>Ο.</strong></span> <span class='ocrx_word' id='word_1_2' title='bbox 1107 631 1385 708; x_wconf 83' lang='lat' dir='ltr'>JULII</span> <span class='ocrx_word' id='word_1_3' title='bbox 1448 631 1933 706; x_wconf 82' lang='lat' dir='ltr'>CAESARIS</span> 
     </span>
    </p>
   </div>
   <div class='ocr_carea' id='block_1_2' title="bbox 661 867 2229 964">
    <p class='ocr_par' dir='ltr' id='par_1_2' title="bbox 661 867 2229 964">
     <span class='ocr_line' id='line_1_2' title="bbox 661 867 2229 964; baseline 0 0"><span class='ocrx_word' id='word_1_4' title='bbox 661 867 2229 964; x_wconf 72' lang='lat' dir='ltr'><strong>COMMENTARIORUM.</strong></span> 
     </span>
    </p>
   </div>
   <div class='ocr_carea' id='block_1_3' title="bbox 852 1121 2023 1188">
    <p class='ocr_par' dir='ltr' id='par_1_3' title="bbox 852 1121 2023 1188">
     <span class='ocr_line' id='line_1_3' title="bbox 852 1121 2023 1188; baseline -0.002 0"><span class='ocrx_word' id='word_1_5' title='bbox 852 1123 994 1188; x_wconf 88' lang='lat' dir='ltr'><strong>DE</strong></span> <span class='ocrx_word' id='word_1_6' title='bbox 1070 1122 1443 1188; x_wconf 84' lang='lat' dir='ltr'>BELLO</span> <span class='ocrx_word' id='word_1_7' title='bbox 1510 1121 2023 1188; x_wconf 88' lang='lat' dir='ltr'>GALLICO</span> 
     </span>
    </p>
   </div>
   <div class='ocr_carea' id='block_1_4' title="bbox 1199 1325 1682 1386">
    <p class='ocr_par' dir='ltr' id='par_1_4' title="bbox 1199 1325 1682 1386">
     <span class='ocr_line' id='line_1_4' title="bbox 1199 1325 1682 1386; baseline 0.006 -4"><span class='ocrx_word' id='word_1_8' title='bbox 1199 1325 1487 1384; x_wconf 84' lang='lat' dir='ltr'>LIBER</span> <span class='ocrx_word' id='word_1_9' title='bbox 1532 1325 1682 1386; x_wconf 93' lang='lat' dir='ltr'>III.</span> 
     </span>
    </p>
   </div>
   <div class='ocr_carea' id='block_1_5' title="bbox 1137 1705 1737 1747">
    <p class='ocr_par' dir='ltr' id='par_1_5' title="bbox 1137 1705 1737 1747">
     <span class='ocr_line' id='line_1_5' title="bbox 1137 1705 1737 1747; baseline -0.005 0"><span class='ocrx_word' id='word_1_10' title='bbox 1137 1705 1737 1747; x_wconf 75' lang='lat' dir='ltr'><strong>ARGUMENTUM.</strong></span> 
     </span>
    </p>
   </div>
   <div class='ocr_carea' id='block_1_6' title="bbox 447 1821 2451 2475">
    <p class='ocr_par' dir='ltr' id='par_1_6' title="bbox 447 1821 2451 2475">
     <span class='ocr_line' id='line_1_6' title="bbox 514 1821 2451 1889; baseline -0.002 -15"><span class='ocrx_word' id='word_1_11' title='bbox 514 1825 633 1874; x_wconf 70' lang='lat' dir='ltr'><strong>Cu.</strong></span> <span class='ocrx_word' id='word_1_12' title='bbox 671 1825 712 1874; x_wconf 92' lang='grc' dir='ltr'><strong>Ι.</strong></span> <span class='ocrx_word' id='word_1_13' title='bbox 760 1826 863 1874; x_wconf 85' lang='lat' dir='ltr'><strong>Ser.</strong></span> <span class='ocrx_word' id='word_1_14' title='bbox 899 1825 1060 1874; x_wconf 78' lang='lat' dir='ltr'><strong>Galba</strong></span> <span class='ocrx_word' id='word_1_15' title='bbox 1091 1826 1280 1889; x_wconf 79' lang='lat' dir='ltr'><strong>legatus</strong></span> <span class='ocrx_word' id='word_1_16' title='bbox 1316 1824 1554 1886; x_wconf 78' lang='lat' dir='ltr'><strong>quasdam</strong></span> <span class='ocrx_word' id='word_1_17' title='bbox 1586 1824 1708 1872; x_wconf 79' lang='lat' dir='ltr'><strong>inter</strong></span> <span class='ocrx_word' id='word_1_18' title='bbox 1738 1823 1888 1884; x_wconf 83' lang='lat' dir='ltr'><strong>Alpes</strong></span> <span class='ocrx_word' id='word_1_19' title='bbox 1918 1827 1967 1871; x_wconf 85' lang='lat' dir='ltr'><strong>et</strong></span> <span class='ocrx_word' id='word_1_20' title='bbox 2007 1821 2299 1872; x_wconf 75' lang='lat' dir='ltr'><strong>Rhodanum</strong></span> <span class='ocrx_word' id='word_1_21' title='bbox 2332 1822 2451 1870; x_wconf 65' lang='lat' dir='ltr'><strong>iu·</strong></span> 
     </span>
     <span class='ocr_line' id='line_1_7' title="bbox 451 1897 2447 1964; baseline -0.002 -16"><span class='ocrx_word' id='word_1_22' title='bbox 451 1905 637 1964; x_wconf 77' lang='lat' dir='ltr'><strong>gentes,</strong></span> <span class='ocrx_word' id='word_1_23' title='bbox 667 1901 887 1948; x_wconf 78' lang='lat' dir='ltr'><strong>secundis</strong></span> <span class='ocrx_word' id='word_1_24' title='bbox 910 1902 1084 1961; x_wconf 77' lang='lat' dir='ltr'><strong>aliquot</strong></span> <span class='ocrx_word' id='word_1_25' title='bbox 1105 1901 1304 1964; x_wconf 74' lang='lat' dir='ltr'><strong>proeliis,</strong></span> <span class='ocrx_word' id='word_1_26' title='bbox 1327 1900 1515 1961; x_wconf 84' lang='lat' dir='ltr'><strong>subigit.</strong></span> <span class='ocrx_word' id='word_1_27' title='bbox 1586 1897 1656 1946; x_wconf 88' lang='grc' dir='ltr'><strong>ΙΙ.</strong></span> <span class='ocrx_word' id='word_1_28' title='bbox 1691 1898 1909 1946; x_wconf 86' lang='lat' dir='ltr'><strong>Sedunos</strong></span> <span class='ocrx_word' id='word_1_29' title='bbox 1932 1897 2261 1962; x_wconf 81' lang='lat' dir='ltr'><strong>Veragrosque</strong></span> <span class='ocrx_word' id='word_1_30' title='bbox 2292 1897 2447 1945; x_wconf 67' lang='lat' dir='ltr'><strong>rebel-</strong></span> 
     </span>
     <span class='ocr_line' id='line_1_8' title="bbox 451 1972 2449 2038; baseline -0.002 -16"><span class='ocrx_word' id='word_1_31' title='bbox 451 1975 608 2022; x_wconf 81' lang='lat' dir='ltr'><strong>lantes</strong></span> <span class='ocrx_word' id='word_1_32' title='bbox 643 1976 778 2037; x_wconf 83' lang='lat' dir='ltr'><strong>gravi</strong></span> <span class='ocrx_word' id='word_1_33' title='bbox 815 1975 952 2022; x_wconf 86' lang='lat' dir='ltr'><strong>clade</strong></span> <span class='ocrx_word' id='word_1_34' title='bbox 991 1974 1172 2038; x_wconf 85' lang='lat' dir='ltr'><strong>affllgit.</strong></span> <span class='ocrx_word' id='word_1_35' title='bbox 1260 1973 1379 2022; x_wconf 89' lang='lat' dir='ltr'><strong>VII.</strong></span> <span class='ocrx_word' id='word_1_36' title='bbox 1423 1974 1609 2022; x_wconf 87' lang='lat' dir='ltr'><strong>Eodem</strong></span> <span class='ocrx_word' id='word_1_37' title='bbox 1646 1979 1859 2034; x_wconf 86' lang='lat' dir='ltr'><strong>tempore</strong></span> <span class='ocrx_word' id='word_1_38' title='bbox 1896 1980 1945 2021; x_wconf 88' lang='lat' dir='ltr'><strong>et</strong></span> <span class='ocrx_word' id='word_1_39' title='bbox 1982 1974 2214 2022; x_wconf 73' lang='lat' dir='ltr'><strong>rebellant</strong></span> <span class='ocrx_word' id='word_1_40' title='bbox 2252 1972 2449 2029; x_wconf 87' lang='lat' dir='ltr'><strong>Veneti,</strong></span> 
     </span>
     <span class='ocr_line' id='line_1_9' title="bbox 451 2047 2449 2111; baseline -0.001 -15"><span class='ocrx_word' id='word_1_41' title='bbox 451 2047 630 2105; x_wconf 87' lang='lat' dir='ltr'><strong>Unelli,</strong></span> <span class='ocrx_word' id='word_1_42' title='bbox 653 2049 1071 2111; x_wconf 78' lang='lat' dir='ltr'><strong>Cui-iosolitaeque,</strong></span> <span class='ocrx_word' id='word_1_43' title='bbox 1096 2056 1146 2097; x_wconf 90' lang='lat' dir='ltr'><strong>et</strong></span> <span class='ocrx_word' id='word_1_44' title='bbox 1179 2051 1259 2097; x_wconf 84' lang='lat' dir='ltr'><strong>alii</strong></span> <span class='ocrx_word' id='word_1_45' title='bbox 1281 2049 1342 2098; x_wconf 86' lang='lat' dir='ltr'><strong>ad</strong></span> <span class='ocrx_word' id='word_1_46' title='bbox 1368 2065 1607 2097; x_wconf 84' lang='lat' dir='ltr'><strong>oceanum</strong></span> <span class='ocrx_word' id='word_1_47' title='bbox 1640 2050 1690 2096; x_wconf 88' lang='lat' dir='ltr'><strong>in</strong></span> <span class='ocrx_word' id='word_1_48' title='bbox 1712 2049 1898 2096; x_wconf 86' lang='lat' dir='ltr'><strong>Celtica</strong></span> <span class='ocrx_word' id='word_1_49' title='bbox 1920 2049 2097 2110; x_wconf 88' lang='lat' dir='ltr'><strong>populi.</strong></span> <span class='ocrx_word' id='word_1_50' title='bbox 2162 2047 2281 2096; x_wconf 79' lang='grc' dir='ltr'><strong>ΧΠ.</strong></span> <span class='ocrx_word' id='word_1_51' title='bbox 2315 2047 2449 2094; x_wconf 86' lang='lat' dir='ltr'><strong>Cae·</strong></span> 
     </span>
     <span class='ocr_line' id='line_1_10' title="bbox 449 2123 2449 2180; baseline -0.001 -7"><span class='ocrx_word' id='word_1_52' title='bbox 449 2137 546 2180; x_wconf 79' lang='lat' dir='ltr'><strong>sar,</strong></span> <span class='ocrx_word' id='word_1_53' title='bbox 567 2123 650 2172; x_wconf 88' lang='lat' dir='ltr'><strong>diu</strong></span> <span class='ocrx_word' id='word_1_54' title='bbox 677 2124 851 2173; x_wconf 79' lang='lat' dir='ltr'><strong>frustra</strong></span> <span class='ocrx_word' id='word_1_55' title='bbox 871 2125 1077 2174; x_wconf 71' lang='lat' dir='ltr'><strong>terrestri</strong></span> <span class='ocrx_word' id='word_1_56' title='bbox 1099 2125 1223 2173; x_wconf 86' lang='lat' dir='ltr'><strong>bello</strong></span> <span class='ocrx_word' id='word_1_57' title='bbox 1245 2125 1475 2173; x_wconf 78' lang='lat' dir='ltr'><strong>lacessitis</strong></span> <span class='ocrx_word' id='word_1_58' title='bbox 1509 2123 1721 2180; x_wconf 87' lang='lat' dir='ltr'><strong>Venetis,</strong></span> <span class='ocrx_word' id='word_1_59' title='bbox 1787 2123 1922 2173; x_wconf 85' lang='lat' dir='ltr'>XIV.</span> <span class='ocrx_word' id='word_1_60' title='bbox 1950 2123 2148 2173; x_wconf 83' lang='lat' dir='ltr'><strong>tandem</strong></span> <span class='ocrx_word' id='word_1_61' title='bbox 2170 2123 2333 2172; x_wconf 82' lang='lat' dir='ltr'><strong>navali</strong></span> <span class='ocrx_word' id='word_1_62' title='bbox 2365 2137 2449 2171; x_wconf 89' lang='lat' dir='ltr'><strong>eos</strong></span> 
     </span>
     <span class='ocr_line' id='line_1_11' title="bbox 447 2196 2448 2264; baseline -0.001 -17"><span class='ocrx_word' id='word_1_63' title='bbox 447 2204 654 2261; x_wconf 71' lang='lat' dir='ltr'><strong>superat.</strong></span> <span class='ocrx_word' id='word_1_64' title='bbox 702 2198 864 2247; x_wconf 85' lang='lat' dir='ltr'><strong>xvn.</strong></span> <span class='ocrx_word' id='word_1_65' title='bbox 899 2200 1034 2248; x_wconf 87' lang='lat' dir='ltr'><strong>Dum</strong></span> <span class='ocrx_word' id='word_1_66' title='bbox 1055 2201 1239 2249; x_wconf 83' lang='lat' dir='ltr'><strong>interea</strong></span> <span class='ocrx_word' id='word_1_67' title='bbox 1259 2202 1408 2249; x_wconf 87' lang='lat' dir='ltr'><strong>etiam</strong></span> <span class='ocrx_word' id='word_1_68' title='bbox 1430 2201 1591 2264; x_wconf 81' lang='lat' dir='ltr'><strong>legati,</strong></span> <span class='ocrx_word' id='word_1_69' title='bbox 1617 2199 1679 2255; x_wconf 86' lang='lat' dir='ltr'><strong>Q.</strong></span> <span class='ocrx_word' id='word_1_70' title='bbox 1703 2198 1917 2247; x_wconf 79' lang='lat' dir='ltr'><strong>Titurius</strong></span> <span class='ocrx_word' id='word_1_71' title='bbox 1938 2214 2054 2247; x_wconf 88' lang='lat' dir='ltr'><strong>cum</strong></span> <span class='ocrx_word' id='word_1_72' title='bbox 2078 2198 2289 2247; x_wconf 77' lang='lat' dir='ltr'><strong>Unellis:</strong></span> <span class='ocrx_word' id='word_1_73' title='bbox 2334 2196 2448 2246; x_wconf 82' lang='lat' dir='ltr'><strong>XX.</strong></span> 
     </span>
     <span class='ocr_line' id='line_1_12' title="bbox 451 2272 2449 2338; baseline -0.001 -15"><span class='ocrx_word' id='word_1_74' title='bbox 451 2272 504 2323; x_wconf 82' lang='lat' dir='ltr'><strong>P.</strong></span> <span class='ocrx_word' id='word_1_75' title='bbox 527 2274 729 2322; x_wconf 80' lang='lat' dir='ltr'><strong>Crassus</strong></span> <span class='ocrx_word' id='word_1_76' title='bbox 759 2290 874 2323; x_wconf 86' lang='lat' dir='ltr'><strong>cum</strong></span> <span class='ocrx_word' id='word_1_77' title='bbox 907 2275 1196 2337; x_wconf 78' lang='lat' dir='ltr'><strong>Aquitaniae</strong></span> <span class='ocrx_word' id='word_1_78' title='bbox 1231 2276 1553 2337; x_wconf 72' lang='lat' dir='ltr'><strong>compluribus</strong></span> <span class='ocrx_word' id='word_1_79' title='bbox 1586 2276 1784 2337; x_wconf 88' lang='lat' dir='ltr'><strong>populis,</strong></span> <span class='ocrx_word' id='word_1_80' title='bbox 1818 2275 2016 2323; x_wconf 74' lang='lat' dir='ltr'><strong>feliciter</strong></span> <span class='ocrx_word' id='word_1_81' title='bbox 2048 2275 2226 2323; x_wconf 76' lang='lat' dir='ltr'><strong>bellum</strong></span> <span class='ocrx_word' id='word_1_82' title='bbox 2256 2280 2449 2338; x_wconf 85' lang='lat' dir='ltr'><strong>gerunt.</strong></span> 
     </span>
     <span class='ocr_line' id='line_1_13' title="bbox 449 2346 2448 2415; baseline 0 -18"><span class='ocrx_word' id='word_1_83' title='bbox 449 2346 690 2397; x_wconf 82' lang='lat' dir='ltr'>XXVIII.</span> <span class='ocrx_word' id='word_1_84' title='bbox 723 2350 922 2407; x_wconf 77' lang='lat' dir='ltr'><strong>Caesar,</strong></span> <span class='ocrx_word' id='word_1_85' title='bbox 949 2350 1161 2399; x_wconf 70' lang='lat' dir='ltr'><strong>Morinos</strong></span> <span class='ocrx_word' id='word_1_86' title='bbox 1195 2350 1543 2415; x_wconf 81' lang='lat' dir='ltr'><strong>Menapiosque</strong></span> <span class='ocrx_word' id='word_1_87' title='bbox 1578 2366 1843 2415; x_wconf 61' lang='lat' dir='ltr'><strong>aggresus,</strong></span> <span class='ocrx_word' id='word_1_88' title='bbox 1866 2350 1927 2397; x_wconf 92' lang='lat' dir='ltr'><strong>ob</strong></span> <span class='ocrx_word' id='word_1_89' title='bbox 1958 2351 2075 2399; x_wconf 82' lang='lat' dir='ltr'><strong>anni</strong></span> <span class='ocrx_word' id='word_1_90' title='bbox 2096 2354 2287 2413; x_wconf 83' lang='lat' dir='ltr'><strong>tempus</strong></span> <span class='ocrx_word' id='word_1_91' title='bbox 2308 2364 2448 2397; x_wconf 85' lang='lat' dir='ltr'><strong>exer·</strong></span> 
     </span>
     <span class='ocr_line' id='line_1_14' title="bbox 449 2424 824 2475; baseline 0 -2"><span class='ocrx_word' id='word_1_92' title='bbox 449 2424 600 2473; x_wconf 83' lang='lat' dir='ltr'><strong>citum</strong></span> <span class='ocrx_word' id='word_1_93' title='bbox 629 2425 824 2475; x_wconf 80' lang='lat' dir='ltr'><strong>reducit.</strong></span> 
     </span>
    </p>
   </div>
   <div class='ocr_carea' id='block_1_7' title="bbox 353 2560 2452 3885">
    <p class='ocr_par' dir='ltr' id='par_1_7' title="bbox 449 2560 2451 2907">
     <span class='ocr_line' id='line_1_15' title="bbox 530 2560 2449 2638; baseline -0.001 -18"><span class='ocrx_word' id='word_1_94' title='bbox 530 2562 577 2620; x_wconf 93' lang='lat'><strong>1.</strong></span> <span class='ocrx_word' id='word_1_95' title='bbox 619 2562 808 2627; x_wconf 67' lang='lat' dir='ltr'><strong>Quum</strong></span> <span class='ocrx_word' id='word_1_96' title='bbox 849 2563 911 2620; x_wconf 91' lang='lat' dir='ltr'><strong>in</strong></span> <span class='ocrx_word' id='word_1_97' title='bbox 953 2562 1182 2621; x_wconf 85' lang='lat' dir='ltr'><strong>Italiam</strong></span> <span class='ocrx_word' id='word_1_98' title='bbox 1211 2562 1679 2638; x_wconf 84' lang='lat' dir='ltr'><strong>proficisceretur</strong></span> <span class='ocrx_word' id='word_1_99' title='bbox 1706 2562 1943 2632; x_wconf 81' lang='lat' dir='ltr'><strong>Caesar,</strong></span> <span class='ocrx_word' id='word_1_100' title='bbox 1984 2562 2152 2619; x_wconf 85' lang='lat' dir='ltr'><strong>Serv.</strong></span> <span class='ocrx_word' id='word_1_101' title='bbox 2187 2560 2449 2619; x_wconf 85' lang='lat' dir='ltr'><strong>Galbam</strong></span> 
     </span>
     <span class='ocr_line' id='line_1_16' title="bbox 449 2650 2446 2729; baseline 0 -20"><span class='ocrx_word' id='word_1_102' title='bbox 449 2670 589 2709; x_wconf 87' lang='lat' dir='ltr'><strong>cum</strong></span> <span class='ocrx_word' id='word_1_103' title='bbox 637 2651 866 2727; x_wconf 81' lang='lat' dir='ltr'><strong>legione</strong></span> <span class='ocrx_word' id='word_1_104' title='bbox 913 2651 1256 2711; x_wconf 86' lang='lat' dir='ltr'><strong>duodecima</strong></span> <span class='ocrx_word' id='word_1_105' title='bbox 1301 2661 1361 2710; x_wconf 89' lang='lat' dir='ltr'><strong>et</strong></span> <span class='ocrx_word' id='word_1_106' title='bbox 1414 2662 1576 2728; x_wconf 88' lang='lat' dir='ltr'><strong>parte</strong></span> <span class='ocrx_word' id='word_1_107' title='bbox 1626 2653 1935 2729; x_wconf 77' lang='lat' dir='ltr'><strong>equitatuS,</strong></span> <span class='ocrx_word' id='word_1_108' title='bbox 1985 2652 2047 2708; x_wconf 87' lang='lat' dir='ltr'><strong>in</strong></span> <span class='ocrx_word' id='word_1_109' title='bbox 2094 2650 2446 2721; x_wconf 85' lang='lat' dir='ltr'><strong>Nantuates,</strong></span> 
     </span>
     <span class='ocr_line' id='line_1_17' title="bbox 451 2739 2451 2818; baseline 0.002 -22"><span class='ocrx_word' id='word_1_110' title='bbox 451 2739 764 2817; x_wconf 78' lang='lat' dir='ltr'><strong>Veragros,</strong></span> <span class='ocrx_word' id='word_1_111' title='bbox 808 2742 1188 2817; x_wconf 82' lang='lat' dir='ltr'><strong>Sedunosque</strong></span> <span class='ocrx_word' id='word_1_112' title='bbox 1229 2742 1402 2812; x_wconf 87' lang='lat' dir='ltr'><strong>misit,</strong></span> <span class='ocrx_word' id='word_1_113' title='bbox 1444 2742 1547 2818; x_wconf 88' lang='lat' dir='ltr'><strong>qui</strong></span> <span class='ocrx_word' id='word_1_114' title='bbox 1588 2743 1663 2798; x_wconf 83' lang='lat' dir='ltr'><strong>ab</strong></span> <span class='ocrx_word' id='word_1_115' title='bbox 1705 2742 1917 2799; x_wconf 89' lang='lat' dir='ltr'><strong>finibus</strong></span> <span class='ocrx_word' id='word_1_116' title='bbox 1955 2741 2359 2818; x_wconf 85' lang='lat' dir='ltr'><strong>Allobrogum,</strong></span> <span class='ocrx_word' id='word_1_117' title='bbox 2388 2751 2451 2799; x_wconf 92' lang='lat' dir='ltr'><strong>et</strong></span> 
     </span>
     <span class='ocr_line' id='line_1_18' title="bbox 451 2828 2447 2907; baseline 0.001 -21"><span class='ocrx_word' id='word_1_118' title='bbox 451 2828 588 2887; x_wconf 86' lang='lat' dir='ltr'><strong>lacu</strong></span> <span class='ocrx_word' id='word_1_119' title='bbox 618 2830 938 2901; x_wconf 76' lang='lat' dir='ltr'><strong>Lemanno,</strong></span> <span class='ocrx_word' id='word_1_120' title='bbox 969 2841 1026 2889; x_wconf 88' lang='lat' dir='ltr'><strong>et</strong></span> <span class='ocrx_word' id='word_1_121' title='bbox 1067 2832 1306 2889; x_wconf 85' lang='lat' dir='ltr'><strong>flumine</strong></span> <span class='ocrx_word' id='word_1_122' title='bbox 1349 2830 1631 2890; x_wconf 78' lang='lat' dir='ltr'><strong>Rhodano</strong></span> <span class='ocrx_word' id='word_1_123' title='bbox 1660 2831 1731 2889; x_wconf 89' lang='lat' dir='ltr'><strong>ad</strong></span> <span class='ocrx_word' id='word_1_124' title='bbox 1760 2850 2019 2889; x_wconf 82' lang='lat' dir='ltr'><strong>summas</strong></span> <span class='ocrx_word' id='word_1_125' title='bbox 2057 2830 2243 2907; x_wconf 85' lang='lat' dir='ltr'><strong>Alpes</strong></span> <span class='ocrx_word' id='word_1_126' title='bbox 2271 2831 2447 2907; x_wconf 88' lang='lat' dir='ltr'><strong>perti-</strong></span> 
     </span>
    </p>

    <p class='ocr_par' dir='ltr' id='par_1_8' title="bbox 391 2920 2452 3357">
     <span class='ocr_line' id='line_1_19' title="bbox 391 2920 2452 3000; baseline -0.001 -19"><span class='ocrx_word' id='word_1_127' title='bbox 391 2926 430 2981; x_wconf 80' lang='lat'>5</span> <span class='ocrx_word' id='word_1_128' title='bbox 453 2930 611 2977; x_wconf 87' lang='lat' dir='ltr'><strong>nent.</strong></span> <span class='ocrx_word' id='word_1_129' title='bbox 693 2920 890 2978; x_wconf 85' lang='lat' dir='ltr'><strong>Causa</strong></span> <span class='ocrx_word' id='word_1_130' title='bbox 915 2922 1176 2979; x_wconf 90' lang='lat' dir='ltr'><strong>mittendi</strong></span> <span class='ocrx_word' id='word_1_131' title='bbox 1217 2922 1343 2993; x_wconf 86' lang='lat' dir='ltr'><strong>fuit,</strong></span> <span class='ocrx_word' id='word_1_132' title='bbox 1372 2922 1525 3000; x_wconf 86' lang='lat' dir='ltr'><strong>quod</strong></span> <span class='ocrx_word' id='word_1_133' title='bbox 1570 2924 1680 2979; x_wconf 87' lang='lat' dir='ltr'><strong>iter</strong></span> <span class='ocrx_word' id='word_1_134' title='bbox 1720 2941 1825 2999; x_wconf 87' lang='lat' dir='ltr'><strong>per</strong></span> <span class='ocrx_word' id='word_1_135' title='bbox 1851 2922 2053 2999; x_wconf 85' lang='lat' dir='ltr'><strong>Alpes,</strong></span> <span class='ocrx_word' id='word_1_136' title='bbox 2082 2940 2197 2997; x_wconf 90' lang='lat' dir='ltr'><strong>quo</strong></span> <span class='ocrx_word' id='word_1_137' title='bbox 2234 2940 2452 2997; x_wconf 84' lang='lat' dir='ltr'><strong>magno</strong></span> 
     </span>
     <span class='ocr_line' id='line_1_20' title="bbox 451 3010 2448 3089; baseline 0.001 -22"><span class='ocrx_word' id='word_1_138' title='bbox 451 3028 590 3068; x_wconf 87' lang='lat' dir='ltr'><strong>cum</strong></span> <span class='ocrx_word' id='word_1_139' title='bbox 633 3010 892 3087; x_wconf 86' lang='lat' dir='ltr'><strong>periculo</strong></span> <span class='ocrx_word' id='word_1_140' title='bbox 935 3012 1276 3087; x_wconf 78' lang='lat' dir='ltr'><strong>magnisque</strong></span> <span class='ocrx_word' id='word_1_141' title='bbox 1318 3031 1455 3069; x_wconf 89' lang='lat' dir='ltr'><strong>cum</strong></span> <span class='ocrx_word' id='word_1_142' title='bbox 1504 3014 1765 3089; x_wconf 87' lang='lat' dir='ltr'><strong>portoriis</strong></span> <span class='ocrx_word' id='word_1_143' title='bbox 1806 3022 2159 3069; x_wconf 78' lang='lat' dir='ltr'><strong>mercatores</strong></span> <span class='ocrx_word' id='word_1_144' title='bbox 2198 3011 2283 3068; x_wconf 87' lang='lat' dir='ltr'><strong>ire</strong></span> <span class='ocrx_word' id='word_1_145' title='bbox 2312 3029 2448 3068; x_wconf 89' lang='lat' dir='ltr'><strong>con-</strong></span> 
     </span>
     <span class='ocr_line' id='line_1_21' title="bbox 452 3099 2445 3177; baseline 0.001 -21"><span class='ocrx_word' id='word_1_146' title='bbox 452 3109 706 3170; x_wconf 83' lang='lat' dir='ltr'><strong>suerant,</strong></span> <span class='ocrx_word' id='word_1_147' title='bbox 751 3100 1012 3177; x_wconf 84' lang='lat' dir='ltr'><strong>patefieri</strong></span> <span class='ocrx_word' id='word_1_148' title='bbox 1041 3099 1286 3157; x_wconf 85' lang='lat' dir='ltr'><strong>volebat.</strong></span> <span class='ocrx_word' id='word_1_149' title='bbox 1369 3100 1529 3159; x_wconf 84' lang='lat' dir='ltr'><strong>Huic</strong></span> <span class='ocrx_word' id='word_1_150' title='bbox 1571 3102 1847 3177; x_wconf 86' lang='lat' dir='ltr'><strong>permisit,</strong></span> <span class='ocrx_word' id='word_1_151' title='bbox 1876 3102 1927 3159; x_wconf 88' lang='lat' dir='ltr'><strong>si</strong></span> <span class='ocrx_word' id='word_1_152' title='bbox 1967 3120 2112 3177; x_wconf 89' lang='lat' dir='ltr'><strong>opus</strong></span> <span class='ocrx_word' id='word_1_153' title='bbox 2140 3119 2266 3158; x_wconf 89' lang='lat' dir='ltr'><strong>esse</strong></span> <span class='ocrx_word' id='word_1_154' title='bbox 2294 3101 2445 3158; x_wconf 85' lang='lat' dir='ltr'><strong>arbi-</strong></span> 
     </span>
     <span class='ocr_line' id='line_1_22' title="bbox 451 3189 2442 3267; baseline 0.001 -22"><span class='ocrx_word' id='word_1_155' title='bbox 451 3196 722 3260; x_wconf 85' lang='lat' dir='ltr'><strong>traretur,</strong></span> <span class='ocrx_word' id='word_1_156' title='bbox 743 3191 826 3248; x_wconf 88' lang='lat' dir='ltr'><strong>uti</strong></span> <span class='ocrx_word' id='word_1_157' title='bbox 853 3192 914 3247; x_wconf 89' lang='lat' dir='ltr'><strong>in</strong></span> <span class='ocrx_word' id='word_1_158' title='bbox 941 3191 1027 3249; x_wconf 87' lang='lat' dir='ltr'><strong>eis</strong></span> <span class='ocrx_word' id='word_1_159' title='bbox 1053 3189 1198 3248; x_wconf 90' lang='lat' dir='ltr'><strong>locis</strong></span> <span class='ocrx_word' id='word_1_160' title='bbox 1225 3189 1531 3267; x_wconf 86' lang='lat' dir='ltr'><strong>legionem,</strong></span> <span class='ocrx_word' id='word_1_161' title='bbox 1568 3190 1859 3249; x_wconf 80' lang='lat' dir='ltr'><strong>hiemandi</strong></span> <span class='ocrx_word' id='word_1_162' title='bbox 1888 3210 2088 3260; x_wconf 84' lang='lat' dir='ltr'><strong>causa,</strong></span> <span class='ocrx_word' id='word_1_163' title='bbox 2112 3190 2442 3248; x_wconf 68' lang='lat' dir='ltr'><strong>collocaret.</strong></span> 
     </span>
     <span class='ocr_line' id='line_1_23' title="bbox 455 3276 2448 3357; baseline 0.001 -23"><span class='ocrx_word' id='word_1_164' title='bbox 455 3276 664 3348; x_wconf 83' lang='lat' dir='ltr'><strong>Galba,</strong></span> <span class='ocrx_word' id='word_1_165' title='bbox 694 3280 964 3337; x_wconf 88' lang='lat' dir='ltr'><strong>secundis</strong></span> <span class='ocrx_word' id='word_1_166' title='bbox 993 3280 1210 3356; x_wconf 84' lang='lat' dir='ltr'><strong>aliquot</strong></span> <span class='ocrx_word' id='word_1_167' title='bbox 1245 3280 1477 3357; x_wconf 85' lang='lat' dir='ltr'><strong>proeliis</strong></span> <span class='ocrx_word' id='word_1_168' title='bbox 1519 3279 1705 3351; x_wconf 85' lang='lat' dir='ltr'><strong>factis,</strong></span> <span class='ocrx_word' id='word_1_169' title='bbox 1737 3281 2107 3356; x_wconf 83' lang='lat' dir='ltr'><strong>castellisque</strong></span> <span class='ocrx_word' id='word_1_170' title='bbox 2136 3279 2448 3354; x_wconf 89' lang='lat' dir='ltr'><strong>compluri-</strong></span> 
     </span>
    </p>

    <p class='ocr_par' dir='ltr' id='par_1_9' title="bbox 353 3365 2451 3885">
     <span class='ocr_line' id='line_1_24' title="bbox 353 3365 2445 3447; baseline 0 -24"><span class='ocrx_word' id='word_1_171' title='bbox 353 3368 430 3425; x_wconf 90' lang='lat'><strong>10</strong></span> <span class='ocrx_word' id='word_1_172' title='bbox 455 3365 564 3423; x_wconf 88' lang='lat' dir='ltr'><strong>bus</strong></span> <span class='ocrx_word' id='word_1_173' title='bbox 590 3386 792 3426; x_wconf 87' lang='lat' dir='ltr'><strong>eorum</strong></span> <span class='ocrx_word' id='word_1_174' title='bbox 819 3370 1182 3447; x_wconf 85' lang='lat' dir='ltr'><strong>expugnatis,</strong></span> <span class='ocrx_word' id='word_1_175' title='bbox 1211 3369 1404 3427; x_wconf 87' lang='lat' dir='ltr'><strong>missis</strong></span> <span class='ocrx_word' id='word_1_176' title='bbox 1432 3368 1504 3427; x_wconf 90' lang='lat' dir='ltr'><strong>ad</strong></span> <span class='ocrx_word' id='word_1_177' title='bbox 1530 3389 1667 3427; x_wconf 88' lang='lat' dir='ltr'><strong>eum</strong></span> <span class='ocrx_word' id='word_1_178' title='bbox 1697 3370 1951 3446; x_wconf 88' lang='lat' dir='ltr'><strong>undique</strong></span> <span class='ocrx_word' id='word_1_179' title='bbox 1981 3370 2207 3445; x_wconf 78' lang='lat' dir='ltr'><strong>legatiS,</strong></span> <span class='ocrx_word' id='word_1_180' title='bbox 2238 3367 2445 3425; x_wconf 88' lang='lat' dir='ltr'><strong>obsidi-</strong></span> 
     </span>
     <span class='ocr_line' id='line_1_25' title="bbox 437 3452 2446 3535; baseline 0.001 -25"><span class='ocrx_word' id='word_1_181' title='bbox 437 3452 678 3530; x_wconf 81' lang='lat' dir='ltr'><strong>‘busque</strong></span> <span class='ocrx_word' id='word_1_182' title='bbox 705 3456 871 3526; x_wconf 85' lang='lat' dir='ltr'><strong>datis,</strong></span> <span class='ocrx_word' id='word_1_183' title='bbox 901 3468 959 3515; x_wconf 89' lang='lat' dir='ltr'><strong>et</strong></span> <span class='ocrx_word' id='word_1_184' title='bbox 999 3478 1143 3535; x_wconf 83' lang='lat' dir='ltr'><strong>pace</strong></span> <span class='ocrx_word' id='word_1_185' title='bbox 1187 3458 1359 3527; x_wconf 81' lang='lat' dir='ltr'><strong>facta,</strong></span> <span class='ocrx_word' id='word_1_186' title='bbox 1390 3460 1683 3517; x_wconf 86' lang='lat' dir='ltr'><strong>constituit</strong></span> <span class='ocrx_word' id='word_1_187' title='bbox 1726 3460 1989 3517; x_wconf 84' lang='lat' dir='ltr'><strong>cohortes</strong></span> <span class='ocrx_word' id='word_1_188' title='bbox 2016 3458 2165 3515; x_wconf 81' lang='lat' dir='ltr'><strong>duas</strong></span> <span class='ocrx_word' id='word_1_189' title='bbox 2192 3458 2251 3513; x_wconf 88' lang='lat' dir='ltr'><strong>in</strong></span> <span class='ocrx_word' id='word_1_190' title='bbox 2282 3456 2446 3514; x_wconf 86' lang='lat' dir='ltr'><strong>Nan-</strong></span> 
     </span>
     <span class='ocr_line' id='line_1_26' title="bbox 454 3545 2450 3626; baseline 0.004 -27"><span class='ocrx_word' id='word_1_191' title='bbox 454 3545 710 3603; x_wconf 84' lang='lat' dir='ltr'><strong>tuatibus</strong></span> <span class='ocrx_word' id='word_1_192' title='bbox 725 3547 1030 3617; x_wconf 85' lang='lat' dir='ltr'><strong>collocare,</strong></span> <span class='ocrx_word' id='word_1_193' title='bbox 1051 3558 1108 3605; x_wconf 90' lang='lat' dir='ltr'><strong>et</strong></span> <span class='ocrx_word' id='word_1_194' title='bbox 1135 3550 1256 3625; x_wconf 89' lang='lat' dir='ltr'><strong>ipse</strong></span> <span class='ocrx_word' id='word_1_195' title='bbox 1278 3566 1417 3607; x_wconf 90' lang='lat' dir='ltr'><strong>cum</strong></span> <span class='ocrx_word' id='word_1_196' title='bbox 1446 3550 1687 3625; x_wconf 87' lang='lat' dir='ltr'><strong>reliquis</strong></span> <span class='ocrx_word' id='word_1_197' title='bbox 1704 3550 1833 3626; x_wconf 89' lang='lat' dir='ltr'><strong>ejus</strong></span> <span class='ocrx_word' id='word_1_198' title='bbox 1851 3550 2095 3626; x_wconf 79' lang='lat' dir='ltr'><strong>legionis</strong></span> <span class='ocrx_word' id='word_1_199' title='bbox 2118 3548 2450 3606; x_wconf 87' lang='lat' dir='ltr'><strong>cohortibus</strong></span> 
     </span>
     <span class='ocr_line' id='line_1_27' title="bbox 454 3629 2447 3715; baseline 0.004 -29"><span class='ocrx_word' id='word_1_200' title='bbox 454 3629 516 3687; x_wconf 87' lang='lat' dir='ltr'><strong>in</strong></span> <span class='ocrx_word' id='word_1_201' title='bbox 573 3633 702 3691; x_wconf 86' lang='lat' dir='ltr'><strong>vico</strong></span> <span class='ocrx_word' id='word_1_202' title='bbox 749 3636 1168 3711; x_wconf 87' lang='lat' dir='ltr'><strong>Veragrorum,</strong></span> <span class='ocrx_word' id='word_1_203' title='bbox 1219 3638 1323 3712; x_wconf 89' lang='lat' dir='ltr'><strong>qui</strong></span> <span class='ocrx_word' id='word_1_204' title='bbox 1374 3639 1699 3715; x_wconf 83' lang='lat' dir='ltr'><strong>appellatur</strong></span> <span class='ocrx_word' id='word_1_205' title='bbox 1748 3638 2101 3709; x_wconf 88' lang='lat' dir='ltr'><strong>Octodurus,</strong></span> <span class='ocrx_word' id='word_1_206' title='bbox 2152 3638 2447 3695; x_wconf 87' lang='lat' dir='ltr'><strong>hiemare:</strong></span> 
     </span>
     <span class='ocr_line' id='line_1_28' title="bbox 453 3720 2448 3805; baseline 0.006 -31"><span class='ocrx_word' id='word_1_207' title='bbox 453 3720 557 3793; x_wconf 85' lang='lat' dir='ltr'><strong>qui</strong></span> <span class='ocrx_word' id='word_1_208' title='bbox 612 3722 795 3789; x_wconf 86' lang='lat' dir='ltr'><strong>vicus,</strong></span> <span class='ocrx_word' id='word_1_209' title='bbox 851 3724 1069 3797; x_wconf 77' lang='lat' dir='ltr'><strong>positus</strong></span> <span class='ocrx_word' id='word_1_210' title='bbox 1123 3726 1184 3779; x_wconf 91' lang='lat' dir='ltr'><strong>in</strong></span> <span class='ocrx_word' id='word_1_211' title='bbox 1232 3726 1405 3795; x_wconf 83' lang='lat' dir='ltr'><strong>valle,</strong></span> <span class='ocrx_word' id='word_1_212' title='bbox 1462 3746 1576 3784; x_wconf 88' lang='lat' dir='ltr'><strong>non</strong></span> <span class='ocrx_word' id='word_1_213' title='bbox 1633 3720 1849 3805; x_wconf 79' lang='lat' dir='ltr'><strong>magna</strong></span> <span class='ocrx_word' id='word_1_214' title='bbox 1897 3728 2125 3803; x_wconf 79' lang='lat' dir='ltr'><strong>adjecta</strong></span> <span class='ocrx_word' id='word_1_215' title='bbox 2184 3726 2448 3801; x_wconf 82' lang='lat' dir='ltr'><strong>planitie,</strong></span> 
     </span>
     <span class='ocr_line' id='line_1_29' title="bbox 355 3805 2451 3885; baseline 0.006 -23"><span class='ocrx_word' id='word_1_216' title='bbox 355 3810 432 3865; x_wconf 84' lang='lat'><strong>1⁵</strong></span> <span class='ocrx_word' id='word_1_217' title='bbox 458 3805 752 3863; x_wconf 82' lang='lat' dir='ltr'><strong>altissimis</strong></span> <span class='ocrx_word' id='word_1_218' title='bbox 787 3808 1075 3865; x_wconf 85' lang='lat' dir='ltr'><strong>montibus</strong></span> <span class='ocrx_word' id='word_1_219' title='bbox 1115 3810 1372 3885; x_wconf 89' lang='lat' dir='ltr'><strong>undique</strong></span> <span class='ocrx_word' id='word_1_220' title='bbox 1405 3815 1753 3872; x_wconf 86' lang='lat' dir='ltr'><strong>continetur.</strong></span> <span class='ocrx_word' id='word_1_221' title='bbox 1838 3816 2045 3881; x_wconf 83' lang='lat' dir='ltr'><strong>Quum</strong></span> <span class='ocrx_word' id='word_1_222' title='bbox 2087 3818 2185 3875; x_wconf 89' lang='lat' dir='ltr'><strong>hic</strong></span> <span class='ocrx_word' id='word_1_223' title='bbox 2212 3817 2273 3873; x_wconf 88' lang='lat' dir='ltr'><strong>in</strong></span> <span class='ocrx_word' id='word_1_224' title='bbox 2302 3816 2451 3875; x_wconf 83' lang='lat' dir='ltr'><strong>duas</strong></span> 
     </span>
    </p>
   </div>
  </div>
 </body>
</html>
