2709 4300
222 257 355 302 cn.
376 257 493 312 aa]
1024 259 1215 307 LIBER
1250 261 1552 314 QUINTUS.
1877 293 1900 312 0
2247 253 2330 310 87

220 411 450 467 parare
480 392 743 450 instituit.
826 393 941 452 Sed
970 405 1165 470 postea
1206 415 1382 472 quam
1421 396 1688 454 nonnulli
1729 399 2014 474 principes
2049 417 2124 456 ex
2151 417 2226 456 ea

222 483 495 552 civitate,
554 493 613 541 et
666 483 1055 542 familiaritate
1111 486 1500 563 Cingetorigis
1555 487 1806 556 adducti,
1861 498 1917 545 et
1970 488 2222 548 adventu

219 575 421 630 nostri
448 573 737 630 exercitus
762 575 1067 649 perterriti,
1112 575 1184 631 ad
1224 575 1538 632 Caesarem
1565 586 1866 646 venerunt,
1895 585 1953 634 et
1987 576 2059 634 de
2099 578 2222 636 suis

222 662 513 737 privatim
543 661 715 719 rebus
744 663 816 718 ab
842 647 1137 738 eo'petere
1181 674 1512 739 coeperunt,
1543 666 1814 740 quoniam
1841 666 2060 723 civitati
2087 684 2220 724 con-

222 750 435 806 sulere
484 769 595 806 non
644 759 905 824 possent:
966 749 1388 810 Indutiomarus
1436 755 1670 822 veritus,
1721 771 1794 810 ne
1839 754 1912 810 ab
1957 755 2222 812 omnibus
2245 759 2286 812 5

223 839 621 908 desereretur,
672 839 893 914 legatos
946 840 1019 896 ad
1065 840 1377 898 Caesarem
1425 843 1595 900 mittit
1619 861 1636 912 ;
1689 843 1830 900 Sese
1885 843 2100 900 idcirco
2147 845 2220 900 ab

224 929 363 984 suis
406 927 721 997 discedere,
766 939 936 1003 atque
982 927 1052 985 ad
1098 949 1233 988 eum
1274 931 1472 988 venire
1515 931 1786 998 noluisse,
1831 950 1946 1006 quo
1991 931 2220 992 facilius

215 1017 537 1073 civitatem
576 1018 637 1072 in
678 1016 867 1074 officio
910 1019 1241 1087 contineret,
1270 1037 1345 1076 ne
1385 1021 1570 1079 omnis
1612 1020 1920 1077 nobilitatis
1961 1019 2220 1079 discessu
2303 1033 2310 1038 '

228 1104 405 1180 plebs
448 1113 677 1180 propter
721 1105 1163 1181 imprudentiam
1204 1107 1518 1164 laberetur.
1603 1108 1804 1183 Itaque
1851 1127 1978 1166 esse
2021 1110 2218 1166 civita-

228 1203 361 1252 tem
386 1194 447 1250 in
474 1212 583 1250 sua
608 1203 899 1269 potestate,
928 1213 1124 1270 seque,
1154 1195 1202 1252 si
1245 1195 1463 1254 Caesar
1491 1198 1863 1272 permitteret,
1895 1195 1966 1254 ad
1994 1216 2130 1254 eum
2159 1198 2218 1254 in
2250 1200 2324 1256 10

230 1291 435 1338 castra
462 1292 791 1351 venturum,
820 1291 878 1338 et
904 1301 1041 1340 suas
1068 1284 1434 1360 civitatisque
1465 1283 1723 1342 fortunas
1759 1285 1888 1359 ejus
1921 1286 2056 1344 fidei
2094 1305 2218 1362 per-

233 1389 579 1428 missurum.

320 1459 429 1516 IV.
474 1459 709 1528 Caesar,
739 1459 845 1516 etsi
880 1459 1237 1536 intelligebat
1276 1479 1396 1536 qua
1437 1460 1508 1516 de
1537 1478 1718 1518 causa
1757 1478 1830 1516 ea
1869 1461 2216 1532 dicerentur,

234 1567 507 1624 quaeque
536 1567 669 1604 eum
716 1567 807 1605 res
850 1549 921 1606 ab
963 1550 1220 1606 instituto
1258 1549 1499 1604 consilio
1534 1548 1862 1617 deterreret,
1891 1558 2102 1618 tamen,
2144 1569 2220 1610 ne

235 1647 518 1694 aestatem
531 1633 606 1694 'in
636 1637 897 1694 Treviris
937 1655 1279 1694 consumere
1322 1646 1644 1712 cogeretur,
1675 1637 1938 1693 omnibus
1979 1636 2049 1694 ad
2091 1638 2216 1695 Bri·
2249 1642 2322 1697 15

236 1727 539 1783 tannicum
568 1725 783 1782 bellurn
812 1726 985 1784 rebus
1012 1725 1375 1802 comparatiS,
1406 1723 1860 1782 Indutiomarum
1889 1723 1961 1781 ad
1991 1743 2053 1782 se
2081 1744 2219 1784 cum

235 1815 509 1871 ducentis
548 1814 839 1871 obsidibus
879 1815 1077 1870 venire
1116 1814 1307 1888 jussit.
1393 1813 1504 1870 His
1546 1813 1823 1883 adductiS,
1867 1815 1927 1870 in
1964 1815 2036 1871 iis
2077 1815 2216 1884 filio,

236 1903 687 1978 propinquisque
742 1902 867 1976 ejus
920 1903 1203 1972 omnibuS‚
1258 1921 1402 1978 quos
1463 1903 1798 1960 nominatim
1855 1914 2214 1973 evocaverat,

234 1991 569 2048 consolatus
596 1989 1054 2048 Indutiomarum
1097 1991 1468 2066 hortatusque
1498 2001 1603 2060 est,
1636 1992 1718 2048 uti
1763 1992 1822 2048 in
1862 1993 2050 2049 officio
2089 2011 2215 2069 per-

236 2089 535 2136 maneret:
577 2079 754 2136 nihilo
790 2088 985 2136 tamen
1012 2081 1219 2148 seciae,
1250 2080 1603 2157 principibus
1633 2079 2008 2138 Trevirorum
2039 2082 2112 2138 ad
2151 2101 2214 2139 se
2243 2087 2320 2144 20

237 2169 587 2238 convocatiS,
616 2169 717 2225 hos
738 2168 1071 2245 singillatim
1086 2168 1441 2248 Cingetorigi
1459 2170 1821 2227 conciliavit:
1865 2171 2016 2246 quod
2037 2190 2222 2246 quum

238 2260 446 2315 merito
474 2258 598 2332 ejus
628 2258 699 2314 ab
726 2277 789 2318 se
818 2258 945 2313 fieri
974 2257 1328 2334 intelligebat
1355 2267 1479 2315 tum
1509 2259 1705 2335 magni
1746 2260 2024 2316 interesse
2068 2262 2216 2317 arbi-

238 2348 521 2415 trabatur,
552 2346 677 2421 ejus
708 2346 1104 2403 auctoritatem
1133 2346 1283 2403 inter
1302 2366 1436 2403 suos
1461 2364 1638 2420 quam
1665 2345 1980 2422 plurimum
2004 2348 2220 2417 valere,

240 2436 415 2510 cujus
442 2445 557 2491 tam
576 2435 869 2511 egregiam
898 2435 956 2490 in
986 2454 1047 2491 se
1071 2435 1422 2493 voluntatem
1450 2435 1850 2510 perspexisset.
1909 2432 1971 2491 Id
2003 2432 2219 2491 factum

238 2526 502 2601 graviter
529 2524 661 2581 tulit
688 2523 1128 2592 IndutiomaruS‚
1158 2542 1325 2579 suam
1354 2523 1602 2599 gratiam
1642 2522 1790 2579 inter
1817 2542 1950 2579 suos
1991 2522 2174 2578 minui
2197 2542 2216 2595 3
2241 2530 2323 2587 25⁴

240 2625 318 2684 et,
349 2615 451 2690 qui
472 2614 595 2688 jam
626 2622 757 2670 ante
786 2612 1019 2669 inimico
1048 2613 1107 2669 in
1136 2631 1238 2669 nos
1280 2612 1472 2668 animo
1514 2609 1730 2681 fuisset,
1761 2612 1942 2668 multo
1981 2611 2222 2689 gravius

242 2707 354 2763 hoc
383 2704 573 2761 dolore
602 2703 839 2761 exarsit.
1821 2704 1824 2707 ’

324 2793 402 2849 V.
449 2792 559 2849 His
606 2793 779 2849 rebus
828 2790 1164 2860 constitutiS‚
1214 2788 1436 2847 Caesar
1477 2789 1548 2845 ad
1593 2798 1818 2865 portum
1865 2789 2039 2847 Itium
2083 2808 2219 2849 cum

242 2882 567 2959 legionibus
594 2882 873 2957 pervenit.
958 2880 1044 2939 Ibi
1071 2879 1383 2957 cognoscit,
1412 2896 1488 2936 xl.
1516 2896 1712 2947 naveS,
1742 2897 1892 2955 quae
1921 2880 1982 2937 in
2012 2878 2222 2937 Meldis

246 2974 435 3029 factae
462 2981 642 3040 erant,
672 2980 1005 3047 tempestate
1035 2969 1298 3044 rejectae,
1330 2987 1566 3027 cursum
1587 2979 1784 3027 tenere
1807 2987 1919 3025 non
1949 2970 2218 3045 potuisse,
2242 2974 2320 3031 30

246 3072 420 3135 atque
448 3060 666 3129 eodem,
698 3058 851 3116 unde
892 3068 1057 3117 erant
1102 3056 1408 3134 profectae,
1441 3060 1778 3117 revertisse:
1824 3055 2076 3133 reliquas
2124 3076 2218 3133 pa-

246 3161 402 3207 ratas
432 3148 502 3206 ad
532 3148 942 3225 navigandum,
968 3159 1138 3224 atque
1160 3148 1424 3205 omnibus
1454 3148 1624 3204 rebus
1651 3148 1959 3203 instructas
1979 3146 2218 3203 invenit.

246 3238 469 3297 Eodem
518 3238 691 3295 totius
739 3236 967 3294 Galliae
1016 3238 1303 3312 equitatus
1351 3236 1636 3304 convenit,
1684 3252 1926 3291 numero
1973 3235 2222 3291 millium

244 3338 512 3405 quatuor,
542 3328 943 3403 principesque
971 3326 1235 3383 omnibus
1262 3344 1333 3382 ex
1357 3324 1719 3381 civitatibus:
1765 3342 1836 3379 ex
1865 3324 2075 3398 quibus
2097 3341 2220 3398 per·

247 3436 481 3493 paucOS,
506 3434 753 3492 quorum
782 3416 841 3470 in
868 3432 931 3471 se
959 3413 1131 3471 fidem
1160 3422 1546 3489 perspexerat,
1570 3412 1894 3486 relinquere
1924 3412 1983 3467 in
2007 3410 2222 3481 Gallia,
2245 3412 2322 3469 35

250 3506 503 3581 reliquos
524 3504 784 3561 obsidum
812 3503 938 3560 loco
965 3521 1165 3559 secum
1194 3502 1408 3558 ducere
1429 3500 1765 3557 decreverat
1787 3519 1804 3572 3
1851 3499 2020 3576 quod,
2043 3518 2224 3575 quum

249 3598 371 3672 ipse
402 3594 643 3663 abesset,
675 3602 891 3651 motum
922 3590 1153 3648 Galliae
1183 3590 1510 3647 verebatur.

329 3682 439 3740 VI.
486 3682 631 3739 Erat
659 3700 775 3738 una
819 3699 954 3738 cum
985 3680 1231 3738 caeteris
1273 3676 1597 3733 Dumnorix
1627 3676 1891 3745 AeduuS,
1922 3674 1994 3733 de
2035 3693 2150 3750 quo
2191 3696 2228 3735 a

248 3772 414 3831 nobis
442 3780 613 3828 antea
640 3770 855 3827 dictum
885 3778 989 3827 est.
1074 3768 1252 3825 Hunc
1282 3784 1483 3824 secum
1511 3765 1724 3823 habere
1755 3765 1810 3823 in
1855 3765 2056 3841 primis
2093 3783 2226 3823 con.
