2709 4300
353 230 442 294 σο
1069 240 1156 288 m:
1195 239 1407 286 Βειιο
1444 237 1731 285 οᾼιιιοο
2130 236 2267 290 [cn.
2290 241 2365 290 ιο.
2394 242 2475 282 n.

457 399 522 440 se
565 377 794 438 ἠοίους
835 377 1216 447 admisissent,
1259 375 1677 454 intelligebant,
1724 372 1993 452 (legatos,
2036 373 2193 450 quod
2236 391 2479 432 nomen

458 467 610 548 apud
637 487 836 526 omnes
875 469 1136 526 nationes
1175 477 1443 525 sanctum
1470 466 1925 540 inviolatumque
1966 483 2199 540 semper
2226 463 2483 534 fuisset,

457 569 708 618 retentos
733 559 810 618 ab
835 578 898 618 se
939 569 997 617 et
1025 560 1085 616 in
1115 559 1355 616 vincula
1382 555 1699 633 conjectos)
1726 573 1831 632 pro
1868 555 2273 633 magnitudine
2302 557 2479 632 peri-

455 650 580 710 culi
627 649 846 707 bellum
895 665 1123 724 parare,
1167 658 1224 706 et
1269 649 1523 704 maxime
1564 665 1653 716 ea,
1694 663 1849 721 quae
1890 645 1961 702 ad
1990 663 2165 704 usum
2206 647 2487 704 navium

395 745 446 804 ο·
457 740 760 818 pertinent,
785 737 1084 816 providere
1113 739 1453 808 instituunt3
1486 737 1597 794 hoc
1624 736 1843 812 majore
1870 753 1991 812 spe,
2012 735 2167 812 quod
2196 735 2477 794 multum

457 838 668 888 natura
695 829 808 886 loci
825 827 1207 886 confidebant.
1293 825 1590 884 Pedestria
1608 843 1735 882 esse
1756 825 1967 882 itinera
1992 826 2229 882 concisa
2258 835 2473 883 aestu-

459 919 616 988 ariis,
662 917 1088 993 navigationem
1129 914 1461 992 impeditam
1506 923 1739 991 propter
1780 915 2145 972 inscientiam
2188 914 2470 972 locorum

457 1007 924 1086 paucitatemque
975 1015 1242 1081 portuum
1286 1003 1583 1062 sciebant:
1644 1021 1835 1080 neque
1890 1013 2111 1062 nostros
2154 1006 2472 1062 exercitus

459 1105 686 1174 propter
715 1095 988 1152 frumenti
1017 1095 1268 1170 inopiam
1295 1093 1515 1151 diutius
1556 1093 1711 1169 apud
1739 1111 1805 1150 se
1846 1093 2058 1150 morari
2098 1106 2286 1170 posse,
2318 1111 2466 1152 con-
2494 1161 2507 1169 ,

359 1189 436 1248 10
457 1184 748 1245 fidebant:
818 1203 890 1242 ac
939 1184 1082 1260 jam,
1133 1192 1197 1241 ut
1235 1184 1431 1240 omnia
1478 1192 1679 1240 contra
1720 1181 2047 1258 opinionem
2098 1181 2463 1253 acciderent,

457 1285 650 1334 tamen
695 1295 758 1334 se
800 1274 1114 1352 plurimum
1155 1273 1407 1330 navibus
1444 1291 1645 1350 posset
1690 1271 1985 1329 Romanos
2029 1289 2221 1347 neque
2264 1272 2465 1329 ullam

459 1364 796 1424 facultatem
825 1365 1038 1422 babere
1067 1364 1323 1431 navium,
1345 1379 1537 1438 neque
1556 1379 1759 1420 eorum
1788 1361 2068 1430 locorum,
2100 1361 2201 1418 ubi
2230 1361 2465 1419 bellum

457 1454 681 1534 gesturi
727 1463 933 1525 essent,
979 1452 1147 1522 vada,
1199 1462 1413 1528 portus,
1470 1451 1807 1527 insulasque
1854 1453 2117 1509 novisse:
2160 1471 2238 1510 ac
2278 1451 2463 1530 longe

459 1545 638 1604 aliam
663 1563 789 1602 esse
818 1543 1242 1619 navigationem
1265 1542 1325 1598 in
1353 1540 1635 1598 concluso
1652 1540 1817 1610 mari,
1840 1549 2017 1616 atque
2034 1541 2095 1597 in
2124 1542 2463 1600 vastissimo

361 1643 436 1700 ιο
459 1642 630 1710 atque
659 1633 1016 1714 apertissimo
1043 1631 1299 1700 oceane,
1329 1629 1772 1706 perspiciebant.
1854 1627 1967 1688 His
1988 1629 2145 1688 initis
2172 1631 2459 1701 consiliis,

457 1722 664 1798 oppida
709 1722 996 1790 muniunt,
1046 1719 1336 1778 frumenta
1364 1737 1438 1776 ex
1481 1719 1638 1796 agris
1680 1719 1741 1775 in
1788 1718 1997 1794 oppida
2044 1730 2455 1796 comportant3

459 1829 642 1869 naves
665 1811 728 1868 in
755 1809 1084 1879 Venetiam,
1117 1809 1214 1866 ubi
1241 1807 1556 1866 Caesarem
1586 1808 1839 1884 primum
1884 1807 2105 1866 bellum
2144 1819 2455 1887 gesturum

459 1900 773 1969 constabat,
804 1918 980 1975 quam
1009 1897 1293 1975 plurimas
1318 1907 1573 1974 possunt,
1602 1907 1835 1974 cogunt.
1920 1897 2121 1956 Socios
2150 1900 2261 1956 sibi
2290 1899 2365 1958 ad
2396 1901 2455 1957 id

459 1989 680 2046 bellum
709 1989 1006 2059 osismios,
1052 1985 1356 2060 Lexovios,
1402 1988 1722 2057 Nannetes,
1766 1987 2133 2058 Ambiliatos,
2176 1987 2451 2060 Morinos,

354 2085 438 2144 20
461 2077 800 2150 Diablintes,
833 2079 1134 2157 Menapios
1161 2079 1523 2138 adsciscunt:
1568 2079 1788 2136 auxilia
1830 2097 1903 2136 ex
1931 2077 2253 2151 Britannia,
2298 2099 2451 2158 quae

459 2178 658 2229 contra
686 2182 788 2227 eas
815 2170 1080 2246 regiones
1107 2170 1288 2246 posita
1317 2178 1423 2239 est,
1454 2179 1779 2227 arcessunt.

541 2260 618 2319 X.
659 2260 843 2319 Erant
870 2260 979 2318 hae
1017 2259 1385 2319 difficultates
1412 2260 1551 2317 belli
1576 2260 1835 2339 gerendi,
1865 2272 2013 2336 quas
2052 2276 2230 2337 supra
2262 2270 2448 2319 osten-

458 2352 687 2424 dimus3
733 2350 832 2409 sed
861 2351 1044 2409 multa
1069 2348 1383 2408 Caesarem
1411 2360 1603 2407 tamen
1632 2348 1706 2409 ad
1746 2350 1805 2406 id
1834 2349 2052 2408 bellum
2093 2350 2449 2409 incitabant:

458 2442 708 2517 injuriae
737 2450 1087 2498 retentorum
1115 2441 1375 2515 equitnm
1402 2436 1834 2513 Romanorum3
1878 2439 2115 2497 rebellio
2144 2438 2301 2497 facta
2326 2452 2449 2517 post

353 2532 441 2591 2³
459 2530 840 2601 deditionem3
885 2527 1132 2586 defectio
1167 2528 1316 2585 datis
1355 2527 1687 2601 obsidibus3
1731 2536 1812 2586 tot
1852 2529 2153 2587 civitatum
2181 2530 2444 2605 conjura-

457 2619 580 2691 tio;
619 2620 678 2677 in
707 2618 924 2695 primis,
953 2636 1048 2688 ne,
1075 2618 1188 2675 hac
1215 2626 1380 2694 parte
1400 2617 1686 2695 neglecta,
1716 2618 1977 2694 reliquae
2006 2619 2269 2676 nationes
2294 2618 2445 2677 idem

458 2704 568 2765 sibi
607 2706 787 2766 licere
843 2708 1282 2766 arbitrarentur.
1366 2706 1567 2783 Itaque
1610 2726 1794 2783 quum
1838 2706 2209 2785 intelligeret,
2248 2726 2447 2767 omnes

461 2796 584 2855 fere
613 2796 818 2855 Gallos
843 2798 1008 2856 novis
1037 2798 1210 2856 rebus
1251 2798 1503 2869 studere,
1533 2808 1591 2856 et
1618 2797 1691 2855 ad
1720 2798 1939 2855 bellum
1978 2798 2271 2857 mobiliter
2296 2800 2441 2857 cele-

460 2886 714 2961 riterque
769 2880 1048 2958 excitari3
1119 2906 1320 2945 omnes
1368 2897 1563 2945 autem
1617 2887 1878 2945 homines
1932 2896 2142 2945 natura
2197 2888 2441 2947 libertati

359 2974 440 3039 30
461 2976 712 3047 studere,
742 2984 798 3033 et
837 2974 1219 3034 conditionem
1259 2978 1553 3036 servitutis
1592 2978 1798 3055 odisse,
1828 2976 1989 3054 prius
2032 2996 2209 3054 quam
2252 2979 2445 3055 plures

460 3063 724 3125 civitates
745 3066 1156 3143 conspirarent,
1175 3067 1540 3141 partiendum
1568 3068 1768 3125 sibiae
1788 3063 1967 3125 latius
1986 3066 2440 3127 distribuendum

460 3156 782 3214 exercitum
811 3156 1052 3235 putavit.

543 3242 646 3303 XI.
691 3244 892 3321 Itaque
921 3244 998 3302 Τ.
1031 3242 1359 3303 Labienum
1380 3244 1640 3322 legatum
1669 3246 1728 3303 in
1751 3244 2049 3317 Treviros,
2066 3248 2172 3325 qui
2201 3249 2437 3325 proximi

464 3323 668 3391 Rheno
721 3333 944 3392 flumini
997 3344 1150 3403 sunt,
1207 3353 1344 3392 cum
1392 3336 1653 3410 equitatu
1703 3335 1891 3393 mittit.
1976 3334 2138 3394 Huic
2192 3337 2435 3408 mandat,

358 3406 440 3469 38
466 3412 680 3480 Remos
705 3423 1070 3500 reliquosque
1111 3420 1325 3499 Belgas
1366 3424 1551 3493 adeat,
1580 3432 1755 3499 atquc
1784 3426 1843 3481 in
1886 3424 2077 3483 officio
2118 3428 2433 3501 contineat3

466 3500 923 3589 Germanosque,
947 3513 1046 3587 qui
1075 3511 1294 3570 auxilio
1319 3531 1356 3569 a
1374 3512 1574 3589 Belgis
1602 3514 1862 3570 arcessiti
1890 3514 2249 3585 dicebantur,
2268 3516 2318 3573 si
2343 3534 2441 3592 per

462 3594 589 3653 Vim
615 3602 860 3661 navibus
901 3602 1119 3659 flumen
1160 3604 1406 3660 transire
1448 3611 1747 3671 conentur,
1777 3602 2097 3678 prohibeat.
2180 3603 2247 3661 P.
2278 3602 2435 3663 Cras-
2514 3593 2519 3599 ’

461 3686 597 3743 Sum
623 3707 758 3748 curn
785 3690 1114 3749 cohortibus
1153 3689 1485 3765 legionariis
1528 3688 1831 3747 duodecim
1870 3700 1927 3749 et
1966 3710 2181 3769 magno
2205 3710 2439 3753 numero

437 3769 756 3841 -equitatus
781 3778 842 3833 in
871 3776 1249 3848 Aquitaniam
1278 3778 1565 3851 proficisci
1588 3778 1770 3851 jubet,
1800 3796 1875 3836 ne
1903 3798 1978 3838 ex
2006 3781 2099 3840 his
2123 3782 2437 3841 nationibus
