2709 4300
33 255 51 293 x

24 334 36 385 1

226 307 343 353 cu.
362 305 541 358 aus]
1005 305 1199 354 Lmen
1228 305 1532 360 cmm-ue.
1896 296 1902 302 '
2211 296 2323 358 -m

218 453 557 520 cogeretur.
640 441 857 500 Omnia
911 445 1329 520 excogitantur,
1379 461 1564 519 quare
1617 463 1728 502 nec
1783 445 1906 502 sine
1959 445 2220 522 periculo

219 543 551 601 maneatur,
570 541 629 590 et
650 533 933 608 languore
960 534 1209 590 militum
1232 543 1289 590 et
1313 534 1526 608 vigiliis
1555 534 1880 609 periculum
1909 546 2214 611 augeatur,

221 621 423 679 Prima
470 621 609 698 luce
654 622 741 678 sic
788 640 863 678 ex
910 622 1117 678 castris
1166 622 1628 697 proficiscuntur,
1677 632 1760 692 ut,
1809 624 2020 701 quibus
2065 635 2220 682 esset

220 729 593 788 persuasum,
620 729 735 768 non
763 711 837 767 ab
850 711 1045 780 hoste,
1074 711 1175 768 sed
1204 711 1279 768 ab
1316 712 1548 770 homine
1589 714 1938 770 amicissimo
1979 715 2216 772 Ambio-

222 803 351 878 rige
376 801 691 860 consilium
718 801 935 871 datum,
956 802 1288 878 longissimo
1310 804 1540 878 agmine
1569 805 1952 880 maximisque
1980 805 2216 881 impedi·
2242 811 2284 866 5

223 893 457 950 mentis.

305 981 557 1040 XXXII.
604 981 689 1038 At
714 981 923 1050 hostes,
952 992 1426 1058 posteaquamex
1453 995 1736 1042 nocturno
1764 984 2000 1043 fremitu
2029 986 2218 1063 vigili-

222 1073 389 1147 isque
418 1072 493 1128 de
530 1070 881 1147 profectione
920 1089 1121 1128 eorum
1158 1085 1481 1143 senserunt,
1519 1075 1820 1132 collocatis
1869 1075 2092 1132 insidiis
2137 1077 2218 1132 bi-

222 1161 435 1238 partito
482 1161 545 1218 in
590 1161 757 1218 silvis
814 1162 1131 1237 opportuno
1176 1170 1347 1245 atque
1397 1163 1628 1220 occulto
1675 1164 1820 1234 loco,
1879 1184 1916 1221 a
1963 1163 2220 1222 millibus

223 1269 507 1326 passuum
550 1251 785 1307 circiter
830 1249 1073 1319 duobuS,
1122 1251 1516 1310 Romanorum
1568 1251 1880 1310 adventum
1923 1263 2218 1330 exspecta·-
2247 1255 2324 1313 10

223 1341 401 1398 bant:
442 1350 519 1409 et,
546 1357 731 1415 quum
758 1359 823 1398 se
850 1341 1037 1416 major
1064 1359 1197 1416 pers
1224 1343 1474 1418 agminis
1506 1343 1566 1397 in
1597 1361 1868 1418 magnam
1896 1345 2222 1400 convallem

223 1429 571 1498 demisisset,
600 1447 675 1486 ex
706 1439 951 1504 utraque
980 1440 1141 1506 parte
1171 1430 1301 1506 ejus
1328 1431 1500 1487 vallis
1529 1431 1717 1488 subito
1745 1451 1807 1487 se
1835 1430 2220 1500 ostenderunt,

224 1521 685 1595 novissimosque
734 1537 1017 1595 premere,
1046 1531 1105 1578 et
1132 1521 1346 1596 primos
1387 1521 1688 1595 prohibere
1715 1520 2018 1590 adscensu,
2049 1531 2224 1596 atque

224 1612 591 1686 iniquissimo
616 1612 829 1670 nostris
856 1610 983 1668 loco
1010 1610 1293 1689 proelium
1319 1611 1678 1669 committere
1707 1623 2040 1687 coeperunt.

309 1699 593 1759 XXXIII.
641 1699 800 1758 Tum
840 1701 1077 1758 demum
1108 1701 1398 1770 TituriuS,
1429 1710 1492 1758 ut
1531 1701 1632 1776 qui
1673 1700 1814 1757 nihil
1857 1712 1992 1759 ante
2039 1703 2330 1778 provi-15

228 1792 425 1861 disset,
476 1789 783 1866 trepidare,
832 1807 1205 1860 concursare,
1257 1791 1636 1866 cohortesque
1685 1789 2022 1866 disponere;
2080 1793 2226 1851 haec

228 1886 429 1938 tamen
454 1881 581 1955 ipss
608 1879 823 1950 timide,
852 1890 1027 1955 atque
1056 1889 1121 1936 ut
1160 1898 1295 1937 eum
1336 1881 1530 1936 omnia
1571 1880 1820 1938 deficere
1854 1881 2224 1940 viderentur:

230 1969 387 2044 quod
434 1969 779 2044 plerumque
824 1970 897 2026 iis
938 1969 1205 2026 accidere
1244 1971 1564 2038 consuevit,
1590 1971 1694 2046 qui
1737 1971 1796 2026 in
1838 1972 1960 2046 ipso
1999 1973 2228 2049 negotio

232 2058 545 2118 eonsilium
593 2076 805 2134 capere
854 2067 1163 2134 coguntur.
1249 2059 1333 2115 At
1372 2056 1557 2128 Cotta,
1593 2061 1692 2136 qui
1735 2062 2040 2136 cogitasset
2080 2062 2226 2118 haec

234 2166 405 2225 posse
444 2147 505 2205 in
548 2146 755 2205 itinere
800 2147 1085 2215 accidere,
1116 2157 1291 2223 atque
1316 2148 1390 2205 ob
1421 2168 1552 2206 eam
1579 2168 1820 2207 causam
1863 2150 2228 2227 profectionis
2253 2150 2332 2207 20

234 2234 443 2295 auctor
468 2256 585 2295 non
612 2236 833 2307 fuisset,
862 2238 1029 2295 nulla
1056 2239 1117 2295 in
1146 2256 1207 2294 re
1234 2240 1532 2296 communi
1572 2240 1746 2297 saluti
1787 2240 1982 2298 deerat
2006 2260 2023 2312 3
2065 2251 2126 2298 et
2164 2243 2228 2297 in

238 2326 599 2403 appellandis
616 2326 1093 2402 cohortandisque
1112 2328 1407 2398 militibus,
1427 2329 1788 2404 imperatoris
1805 2347 1822 2399 3
1855 2338 1914 2384 et
1934 2330 1994 2384 in
2013 2347 2226 2404 pugna,

236 2419 439 2477 militis
486 2416 677 2475 officia
724 2414 1069 2493 praestabat.
1154 2418 1472 2493 Quumque
1527 2428 1756 2494 propter
1810 2417 2230 2492 longitudinem

238 2510 491 2586 agminis
520 2510 712 2566 minus
742 2509 913 2566 facile
942 2528 1045 2586 per
1071 2528 1133 2567 se
1162 2511 1351 2567 omnia
1393 2511 1571 2579 obire,
1601 2520 1658 2567 et
1685 2507 1820 2584 quid
1851 2526 2080 2583 quoque
2107 2508 2233 2565 loco

238 2598 579 2658 faciendum
610 2610 777 2669 esset,
802 2600 1111 2676 providere
1137 2610 1382 2676 possent,
1407 2598 1704 2674 jusserunt
1739 2599 2138 2675 pronunciare,
2170 2610 2232 2657 ut
2257 2601 2336 2659 25

242 2689 653 2767 impedimen-ta
677 2690 1091 2765 relinquerent,
1116 2700 1287 2765 atque
1310 2690 1371 2745 in
1393 2684 1588 2745 orbem
1613 2689 2008 2745 consisterent.
2061 2688 2234 2754 Quod

240 2778 553 2837 consilium
598 2780 707 2836 etsi
750 2780 811 2835 in
860 2778 1140 2854 ejusmodi
1190 2796 1333 2850 casu
1386 2776 1920 2853 reprehendendum
1968 2796 2081 2835 non
2129 2789 2234 2851 est,

242 2877 439 2925 tamen
486 2868 843 2925 incommode
894 2868 1141 2927 accidit:
1198 2886 1334 2923 nam
1383 2876 1440 2923 et
1495 2867 1702 2923 nostris
1750 2866 2029 2923 militibus
2076 2852 2237 2943 spem

244 2958 472 3026 minuit,
502 2968 559 3015 et
585 2958 777 3015 hostes
806 2956 876 3013 ad
906 2976 1158 3034 pugnam
1200 2956 1514 3013 alacriores
1541 2955 1750 3026 effecit,
1781 2946 1931 3031 quod
1959 2973 2072 3013 non
2114 2957 2238 3013 sine

242 3064 475 3107 summo
495 3047 699 3105 timore
720 3057 777 3103 et
798 3046 1195 3121 desperatione
1217 3046 1273 3103 id
1298 3045 1514 3104 factum
1539 3046 1859 3104 videbatur.
1933 3045 2239 3103 Praeterea
2265 3050 2342 3105 30

248 3136 479 3205 accidit,
522 3136 674 3211 quod
724 3136 853 3193 fieri
905 3154 1145 3193 necesse
1186 3146 1327 3204 erat,
1373 3145 1437 3193 ut
1478 3135 1653 3212 vulgo
1694 3135 1904 3191 milites
1945 3136 2019 3191 ab
2060 3136 2240 3211 signis

244 3225 613 3286 discederent
631 3244 649 3297 3
694 3244 847 3301 quae
873 3226 1119 3301 quisque
1148 3244 1346 3282 eorum
1395 3226 1698 3281 carissima
1737 3224 1992 3293 haberet,
2024 3225 2094 3281 ab
2136 3226 2239 3280 im-

249 3314 591 3392 pedimentis
619 3326 815 3391 petere
844 3326 1015 3390 atque
1030 3314 1294 3391 abripere
1324 3324 1690 3390 properaret3
1723 3314 1976 3371 clamore
2005 3332 2076 3371 ac
2105 3315 2241 3371 fletu

246 3404 446 3465 omnia
472 3406 920 3481 complerentur.

336 3493 617 3553 XXXIV.
662 3494 747 3551 At
795 3494 1057 3551 barbaris
1106 3492 1413 3551 consilium
1463 3510 1576 3549 non
1622 3491 1838 3549 defuit:
1883 3512 2015 3549 nam
2065 3492 2243 3549 duces
2268 3496 2346 3553 35

252 3602 457 3643 eorum
484 3593 601 3641 tota
630 3584 756 3641 acie
785 3582 1157 3659 pronunciari
1180 3582 1496 3657 jusserunt,
1527 3581 1624 3637 Ne
1651 3582 1782 3657 quis
1811 3582 1882 3638 ab
1911 3582 2036 3661 loco
2063 3582 2242 3638 disce-

254 3672 450 3730 deret:
494 3673 728 3730 illorum
758 3692 883 3731 esse
921 3670 1212 3749 praedam,
1244 3681 1416 3746 atque
1459 3670 1574 3727 illis
1615 3672 1921 3739 reservari,
1951 3686 2242 3745 quaecun-

254 3780 371 3838 que
416 3761 667 3821 Romani
710 3761 1115 3837 reliquissent:
1158 3759 1396 3836 proinde
1443 3760 1636 3817 omnia
1683 3758 1744 3815 in
1783 3759 2026 3817 victoria
2065 3760 2247 3836 posita

254 3851 673 3911 existimarent.
760 3850 945 3909 Erant
990 3858 1049 3907 et
1093 3848 1303 3907 virtute
1348 3859 1406 3909 et
1448 3866 1690 3909 numero
1732 3850 2040 3927 pugnando
2079 3868 2247 3927 pares
