2709 4300
368 287 457 350 80
1078 297 1167 345 nn
1200 295 1412 344 sum
1447 291 1735 340 cunco
2145 279 2282 341 [cu.
2301 288 2374 338 su,
2391 289 2467 330 επ.

470 437 669 516 Atque
696 437 905 496 nostris
930 435 1209 494 militibus
1246 433 1671 499 cunctantibus,
1703 427 1956 486 maxime
1998 433 2230 502 propter
2271 422 2470 482 altitu·

468 527 663 586 dinem
692 527 887 596 maris,
916 527 1018 601 qui
1046 524 1307 582 decimae
1349 523 1592 598 legionis
1619 519 1878 594 aquilam
1911 515 2148 584 serebat,
2179 523 2468 572 contesta-

468 627 565 676 tus
600 616 753 686 deos,
784 625 849 673 ut
874 633 946 672 ea
975 632 1067 672 res
1096 613 1307 689 legioni
1338 611 1588 669 feliciter
1615 608 1906 665 eveniret:
1951 603 2215 673 Desilite,
2255 605 2468 679 inquit,

468 705 904 774 commilitones,
934 705 1047 760 nisi
1068 702 1245 760 vultis
1274 700 1529 776 aquilam
1558 697 1814 755 hostibus
1843 694 2084 771 prodere
2109 713 2123 750 τ
2167 713 2276 771 ego
2303 702 2468 750 certe

406 797 447 853 5
472 811 665 852 meum
694 793 1077 870 Reipublicae
1106 801 1277 866 atque
1300 788 1628 865 imperatori
1649 785 1902 843 officium
1927 784 2284 860 praestitero.
2331 780 2472 839 Hoc

470 901 653 960 quum
682 899 895 958 magna
912 899 1051 938 voce
1074 879 1326 947 dixisset,
1350 897 1424 934 ex
1453 877 1590 934 navi
1617 894 1680 932 se
1711 874 1966 951 projecit,
1988 882 2160 947 atque
2181 873 2244 928 in
2273 872 2470 928 hostes

472 971 730 1048 aquilam
760 969 911 1028 serre
940 969 1145 1044 coepit.
1231 966 1390 1024 Tum
1419 966 1614 1034 nostri,
1645 963 1924 1022 cohortati
1953 963 2102 1019 inter
2123 979 2205 1030 se,
2235 979 2312 1018 ne
2339 969 2470 1018 tan-

470 1070 598 1116 tum
624 1060 875 1116 dedecus
904 1058 1319 1126 admitteretur,
1349 1055 1608 1112 universi
1635 1072 1709 1111 ex
1751 1053 1892 1110 navi
1917 1049 2277 1108 desiluerunt
2301 1069 2316 1107 ε
2361 1050 2481 1108 hos·

472 1149 611 1206 item
641 1149 742 1205 alii
770 1166 843 1206 ex
872 1147 1147 1224 proximis
1174 1145 1422 1202 navibus
1461 1161 1644 1220 quum
1687 1141 2136 1217 conspexissent,
2165 1140 2471 1200 subsecuti

372 1243 447 1300 10
472 1237 727 1294 hostibus
756 1236 1306 1313 appropinquarunt.

554 1325 777 1384 XXVI.
824 1325 1158 1402 Pugnatum
1200 1333 1287 1381 est
1326 1323 1401 1380 ab
1443 1319 1703 1396 utrisque
1745 1319 1996 1391 acriter3
2041 1319 2220 1376 nostri
2245 1328 2469 1388 tamen,

472 1415 623 1492 quod
652 1433 841 1490 neque
882 1413 1111 1472 ordines
1150 1431 1405 1481 servare,
1449 1429 1638 1488 neque
1679 1409 1922 1466 firmiter
1957 1409 2244 1478 insistere,
2272 1425 2472 1483 neque

472 1507 641 1582 signa
676 1503 951 1579 subsequi
980 1512 1259 1580 poterant,
1284 1511 1456 1577 atque
1485 1500 1638 1558 alius
1665 1499 1782 1556 alia
1823 1517 1898 1556 ex
1924 1499 2080 1566 navi,
2109 1498 2470 1574 quibuscun-

474 1613 589 1670 que
610 1594 791 1670 signis
816 1601 1171 1660 occurrerat,
1193 1610 1256 1648 se
1286 1590 1658 1667 aggregabat,
1679 1605 2026 1663 magnopere
2045 1586 2468 1662 perturbaban-

374 1687 451 1743 15
474 1691 590 1740 tur.
675 1681 885 1740 Hostes
914 1698 1068 1750 vero,
1100 1681 1246 1738 notis
1273 1679 1540 1737 omnibus
1567 1677 1750 1746 vadis,
1782 1676 1880 1733 ubi
1921 1693 1994 1733 ex
2033 1676 2200 1732 litore
2243 1673 2476 1751 aliquos

474 1771 807 1847 singulares
832 1787 905 1827 ex
947 1769 1085 1827 navi
1128 1768 1494 1844 egredientes
1537 1775 1970 1842 conspexerant,
2001 1765 2254 1822 incitatis
2299 1765 2474 1839 equis

474 1859 777 1935 impeditos
815 1858 1257 1915 adoriebantur:
1301 1857 1500 1932 plures
1539 1853 2322 1932 paucos‘circumsistebant:
2367 1853 2472 1910 alii

476 1945 551 2004 ab
576 1947 757 2005 latere
802 1957 998 2023 aperto
1027 1946 1087 2002 in
1116 1946 1422 2002 universos
1447 1943 1564 2002 tela
1593 1942 1996 2017 conjiciebant.
2081 1941 2256 2007 Quod
2281 1959 2472 2018 quum

476 2035 973 2094 animadvertisset
1000 2035 1236 2104 Caesar,
1280 2033 1528 2109 scaphas
1554 2033 1860 2108 longarum
1888 2032 2143 2101 navium,
2175 2031 2314 2088 item
2344 2049 2470 2107 spe-

368 2131 451 2189 20
476 2123 759 2183 culatoria
788 2123 1023 2200 navigia
1050 2123 1330 2181 militibus
1359 2121 1636 2199 compleri
1660 2121 1851 2197 jussit,
1883 2130 1939 2179 et
1966 2138 2111 2197 quos
2139 2119 2472 2179 laborantes

476 2222 872 2289 conspexerat,
902 2214 974 2270 iis
1001 2212 1257 2269 subsidia
1278 2212 1667 2270 submittebat.
1755 2210 1972 2280 Nostri,
2003 2209 2176 2267 simul
2206 2211 2268 2266 in
2311 2210 2474 2268 arido

474 2303 872 2372 constiterunt,
900 2302 1023 2359 suis
1049 2300 1317 2359 omnibus
1344 2301 1692 2369 consecutis,
1709 2301 1768 2357 in
1799 2300 1988 2357 hostes
2009 2300 2290 2375 impetum
2322 2299 2470 2357 fece-

476 2400 629 2461 runt,
660 2401 833 2469 atque
860 2410 959 2448 eos
984 2391 1045 2446 in
1086 2388 1288 2467 fugam
1328 2390 1649 2461 dederunt3
1693 2407 1882 2464 neque
1923 2388 2156 2464 longius
2199 2390 2472 2465 prosequi

475 2490 803 2556 potuerunt,
833 2478 983 2555 quod
1012 2480 1239 2553 equites
1276 2496 1518 2535 cursum
1547 2486 1744 2535 tenere
1775 2486 1948 2552 atque
1977 2476 2230 2535 insulam
2259 2494 2472 2553 capere

372 2573 451 2633 25
476 2586 587 2627 non
632 2576 951 2646 potuerant.
1032 2566 1166 2625 Hoc
1205 2584 1389 2624 unum
1435 2566 1508 2623 ad
1551 2568 1850 2643 pristinam
1897 2564 2184 2624 fortunam
2229 2566 2472 2625 Caesari

476 2656 678 2715 defuit.

558 2746 809 2805 XXVII.
855 2745 1068 2804 Hostes
1108 2744 1325 2823 proelio
1367 2746 1642 2823 superati,
1685 2744 1859 2803 simul
1903 2754 2078 2821 atque
2121 2764 2184 2803 se
2225 2763 2299 2803 ex
2331 2745 2475 2823 fuga

478 2844 841 2912 receperunt,
872 2836 1063 2893 statim
1110 2835 1181 2893 ad
1222 2835 1538 2894 Caesarem
1583 2835 1806 2910 legatos
1843 2834 1916 2891 de
1957 2852 2103 2910 pace
2149 2835 2436 2892 miserunt
2453 2856 2472 2891 t

478 2924 725 2982 Obsides
765 2924 1018 2994 daturos,
1062 2942 1331 3000 quaeque
1373 2926 1716 3001 imperasset
1734 2934 1884 2981 ‘sese
1927 2922 2198 2992 facturos,
2231 2924 2472 3000 polliciti

374 3019 453 3079 ao
478 3024 631 3071 sunt.
716 3012 850 3072 Una
888 3031 1027 3070 cum
1071 3014 1162 3070 his
1205 3012 1414 3089 legatis
1453 3012 1752 3071 Commius
1781 3011 2034 3069 Atrebas
2077 3014 2251 3082 venit,
2295 3032 2474 3088 quem

476 3121 658 3179 supra
686 3102 1216 3161 demonstraveram
1240 3122 1275 3159 a
1300 3102 1556 3159 Caesare
1585 3102 1645 3157 in
1674 3100 2035 3159 Britanniam
2064 3102 2468 3178 praemissum.

476 3192 657 3250 Hunc
686 3191 773 3250 illi
800 3212 833 3249 e
862 3191 999 3249 navi
1026 3210 1344 3268 egressum,
1375 3206 1559 3267 quum
1589 3190 1660 3247 ad
1689 3208 1786 3247 ecs
1815 3191 2056 3247 oratoris
2086 3190 2250 3247 modo
2290 3190 2470 3267 impe.

478 3282 683 3340 ratoris
704 3281 977 3339 mandata
1004 3279 1305 3356 perferret,
1336 3279 1908 3355 comprehenderant,
1940 3289 2112 3355 atque
2143 3279 2200 3337 in
2231 3280 2474 3338 vincula

476 3371 885 3447 conjecerant:
928 3378 1071 3439 turn,
1122 3369 1337 3446 proelio
1386 3368 1556 3437 facto,
1609 3369 1972 3437 remiserunt,
2021 3379 2080 3425 et
2105 3368 2180 3426 .in
2225 3368 2474 3444 petenda

373 3468 453 3525 85
478 3479 619 3537 pace
646 3460 775 3536 ejus
802 3460 889 3517 rei
916 3459 1153 3534 culpam
1181 3460 1241 3515 in
1270 3457 1698 3515 multitudinem
1725 3457 2116 3525 contulerunt,
2145 3466 2204 3515 et
2242 3468 2474 3535 propter

420 3560 435 3573 '
476 3549 923 3625 imprudentiam
968 3556 1033 3604 ut
1080 3549 1496 3623 ignosceretur,
1541 3548 1887 3622 petiverunt.
1971 3546 2191 3603 Caesar
2229 3558 2474 3621 questus

476 3638 648 3715 quod,
676 3656 859 3714 quum
888 3636 1041 3693 ultro
1082 3636 1141 3692 in
1184 3637 1572 3693 continentem
1615 3636 1824 3712 legatis
1853 3636 2044 3693 missis
2072 3652 2277 3712 pacem
2307 3636 2382 3692 ab
2409 3654 2476 3693 se

478 3727 769 3799 petissent,
798 3724 1020 3781 bellum
1048 3725 1386 3804 sine-causa
1427 3724 1774 3793 intulissent,
1806 3724 2108 3801 ignoscere
2139 3724 2474 3800 impruden-

480 3810 597 3867 uae
636 3809 796 3879 dixit,
820 3810 1164 3884 obsidesque
1204 3812 1544 3885 imperavit:
1586 3830 1835 3888 quorum
1878 3814 1968 3871 illi
2012 3822 2236 3889 partem
2277 3814 2476 3873 statim
