2709 4300
380 263 505 324 iss
1089 267 1179 316 nn
1210 265 1424 316 mm
1453 263 1744 319 (331.ssoe
2169 263 2308 318 [cu.
2327 267 2483 310 ειν-ω,

478 409 687 487 augeri
712 407 911 486 copies
938 404 1179 476 videret,
1208 413 1616 482 praemetuens
1639 403 1782 473 suis,
1811 401 1886 462 ad
1913 401 1990 460 T.
2021 399 2290 462 Sextium
2319 401 2479 478 lagae

478 509 623 568 tum,
648 517 827 574 quem
868 495 1189 556 minoribus
1228 495 1440 555 castris
1467 493 1754 570 praesidio
1795 491 2132 568 reliquerat,
2177 491 2372 560 mittit,
2415 502 2480 551 ut

478 589 743 648 cobortes
770 587 1085 648 ex·castris
1110 584 1386 644 celeriter
1425 583 1718 653 educeret,
1749 591 1810 640 et
1833 582 1946 642 sub
1971 581 2172 640 infimo
2213 581 2364 638 colle
2407 582 2482 639 ab

478 677 681 738 dextro
727 677 911 736 latere
960 675 1211 734 hostium
1258 674 1674 733 constitueret:
1725 681 1804 742 ut,
1855 672 1906 729 si
1945 681 2167 730 nostros
2207 670 2482 747 depulsos

416 775 457 830 δ
480 767 607 829 loco
632 767 887 838 vidisset,
914 785 1035 843 quo
1060 765 1257 824 minus
1282 763 1468 823 libere
1495 763 1688 822 hostes
1713 763 2178 840 insequerentur,
2207 769 2478 820 terreret.

479 856 609 934 lpse
636 857 881 934 paulum
906 874 981 914 ex
1008 875 1078 914 eo
1104 853 1233 914 loco
1272 871 1416 914 cum
1459 853 1690 930 legione
1735 869 2102 930 progressus,
2133 851 2238 910 ubi
2262 851 2480 910 consti-

480 957 647 1018 terat,
674 956 951 1006 eventum
978 961 1211 1022 pugnae
1237 943 1633 1022 exspectabat.

560 1035 637 1096 L.
681 1036 889 1102 Quum
930 1034 1215 1094 acerrime
1256 1034 1526 1092 cominus
1573 1043 1954 1112 pugnaretur,
2003 1032 2198 1093 hostes
2252 1032 2386 1092 loco
2423 1043 2486 1092 et

481 1143 742 1198 numero,
770 1125 951 1184 nostri
980 1125 1193 1182 virtute
1220 1122 1614 1196 confiderent3
1647 1123 1838 1204 subito
1863 1132 2001 1182 sunt
2031 1121 2230 1182 Aedui
2253 1123 2384 1192 visi,
2409 1123 2486 1182 ab

382 1221 459 1278 to
482 1215 663 1277 latere
684 1216 893 1274 nostris
912 1223 1129 1291 aperto,
1150 1232 1296 1289 quos
1314 1212 1538 1272 Caesar
1559 1212 1633 1272 ab
1651 1212 1856 1272 dextra
1881 1221 2044 1289 parte
2073 1212 2188 1270 alio
2209 1231 2484 1282 ascensu,

481 1323 691 1364 manus
718 1303 1075 1364 distinendae
1096 1321 1297 1372 causa,
1320 1303 1578 1360 miserat.
1663 1301 1746 1360 Hi
1773 1301 2150 1360 similitudine
2179 1319 2486 1360 armorum

482 1395 855 1454 vehementer
880 1403 1103 1452 nostros
1124 1401 1596 1469 perterruerunt:
1623 1410 1718 1462 ac,
1735 1392 1964 1450 tametsi
1985 1391 2204 1451 dextris
2219 1392 2488 1451 humeris

480 1485 727 1544 exsertis
770 1481 1397 1550 animadvertebantur,
1425 1479 1580 1556 quod
1619 1471 1851 1558 insigne
1887 1490 2162 1557 pacatum
2189 1500 2318 1538 esse
2345 1499 2486 1540 con-

482 1584 696 1644 suerat,
726 1583 921 1632 tamen
948 1571 1007 1630 id
1034 1572 1227 1648 ipsum
1252 1572 1347 1628 sui
1379 1569 1618 1628 fallendi
1645 1589 1828 1629 causa
1875 1570 2090 1628 milites
2119 1570 2192 1628 ab
2219 1571 2488 1631 hostibus

382 1671 467 1732 15,
484 1663 703 1722 factum
748 1661 1177 1722 existimabant.
1264 1659 1488 1718 Eodem
1531 1669 1788 1736 tempore
1831 1658 1906 1718 L.
1948 1660 2171 1719 Fabius
2195 1662 2486 1730 centurio,

480 1756 699 1830 quique
728 1771 849 1812 una
872 1769 1109 1810 murum
1138 1751 1542 1820 ascenderant,
1571 1751 1958 1810 circumventi
1993 1761 2166 1826 atque
2193 1750 2490 1808 interfecti
2569 1789 2578 1808 .

480 1841 553 1900 de
582 1859 749 1900 muro
776 1840 1251 1918 praecipitantur.
1337 1837 1424 1896 M.
1457 1839 1738 1910 Petreius,
1767 1839 2031 1916 ejusdem
2073 1841 2318 1917 legionis
2343 1860 2484 1900 cen-

480 1933 651 2002 turio,
698 1948 883 2008 quum
938 1939 1133 2007 portas
1186 1929 1460 1988 excidere
1513 1921 1758 1988 conalus
1805 1940 1976 2000 esset,
2027 1950 2064 1988 a
2111 1930 2488 1991 multitudine

480 2039 805 2098 oppressus,
834 2038 907 2078 ac
934 2019 1043 2078 sibi
1071 2018 1406 2095 desperans,
1438 2018 1636 2078 multis
1679 2018 1803 2094 jam
1832 2019 2174 2078 vulneribus
2201 2021 2484 2098 acceptis,

376 2117 462 2175 20
482 2111 943 2189 manipularibus
968 2107 1111 2180 suis,
1134 2109 1235 2186 qui
1262 2109 1433 2167 illum
1461 2110 1650 2169 secuti
1677 2119 1878 2169 erantz
1923 2109 2238 2181 Quoniam,
2269 2112 2484 2189 inquit,

481 2220 575 2259 me
604 2219 724 2259 una
751 2200 1050 2259 vobiscum
1084 2217 1325 2258 servare
1367 2218 1480 2257 non
1523 2218 1774 2277 possum,
1805 2210 2032 2259 vestrae
2059 2201 2296 2276 quidem
2321 2214 2486 2261 certe

480 2291 657 2349 saluti
686 2290 1049 2367 prospiciam,
1076 2306 1222 2364 quos
1248 2288 1564 2365 cupiditate
1603 2290 1824 2367 gloriae
1851 2290 2136 2350 adductus
2163 2292 2224 2347 in
2253 2294 2482 2367 pericu-

480 2380 607 2441 lum
632 2378 867 2437 deduxi.
952 2377 1093 2448 Vos,
1122 2377 1257 2436 data
1286 2376 1583 2448 facultate,
1614 2379 1776 2437 vobis
1801 2380 2105 2439 consulite.
2189 2380 2380 2439 Simul
2417 2383 2484 2439 in

480 2469 699 2529 medios
724 2470 917 2527 hostes
958 2466 1185 2543 irrupit,
1214 2466 1558 2545 duobusque
1603 2466 1941 2540 interfectis,
1973 2470 2226 2545 reliquos
2251 2490 2290 2529 a
2314 2483 2486 2548 porta

374 2568 459 2623 25
481 2560 723 2637 paulum
748 2559 1055 2618 submovit.
1136 2558 1495 2617 Conantibus
1523 2560 1796 2619 auxiliari
1815 2562 1966 2631 suis,
1985 2561 2248 2632 Frustra,
2271 2564 2482 2640 inquit,

479 2668 647 2707 meae
674 2649 827 2705 vitae
856 2648 1169 2707 subvenire
1208 2649 1522 2720 conamini,
1551 2652 1728 2726 quem
1771 2650 1896 2727 jam
1937 2654 2177 2729 sanguis
2205 2654 2482 2731 viresque

479 2738 777 2797 deficiunt.
853 2730 1107 2797 Proinde
1150 2738 1289 2797 hinc
1330 2738 1502 2809 abite,
1531 2738 1674 2797 dum
1713 2750 1802 2799 est
1845 2738 2116 2811 facultas,
2147 2760 2364 2817 vosque
2405 2745 2484 2803 ad

479 2827 765 2905 legionem
788 2828 1047 2905 recipite.
1130 2826 1221 2887 Ita
1240 2845 1528 2906 pugnans,
1539 2839 1677 2906 post
1704 2829 1946 2906 paulum
1969 2832 2236 2903 concidit,
2261 2851 2332 2891 ac
2355 2834 2484 2893 suis

478 2918 655 2981 saluti
682 2915 811 2975 fuit.

378 3013 457 3072 30
560 3005 663 3065 LI.
708 3004 929 3076 Nostri,
958 3023 1143 3082 quum
1184 3007 1440 3083 undique
1481 3018 1901 3086 premerentur,
1939 3028 2084 3073 τινι
2129 3015 2480 3073 centurioni-

480 3097 591 3157 bus
616 3096 863 3166 amissis,
890 3095 1105 3173 dejecti
1132 3106 1269 3156 sunt
1308 3097 1470 3155 loco:
1512 3097 1614 3155 sed
1655 3098 2056 3161 intolerantius
2085 3101 2286 3160 Gallos
2327 3105 2479 3163 inse-

478 3196 723 3263 quentes
763 3186 917 3263 legio
955 3204 997 3245 x
1038 3185 1305 3257 tardavit,
1346 3206 1500 3273 quae
1541 3206 1646 3263 pro
1687 3189 1944 3251 subsidio
1987 3192 2162 3267 paulo
2201 3195 2484 3269 aequiore

481 3274 609 3333 loco
650 3277 1001 3363 constiterat.
1086 3275 1261 3335 Hanc
1294 3294 1511 3335 ‚rursus
1555 3295 1669 3337 1111
1714 3276 1960 3354 legionis
1999 3280 2262 3341 cobortes
2305 3302 2480 3343 exce.

482 3373 709 3439 parunt,
748 3383 923 3442 quae,
962 3383 1038 3423 ex
1079 3366 1290 3423 castris
1333 3367 1654 3424 minoribus
1695 3368 1962 3437 eductae,
1989 3387 2128 3427 cum
2171 3370 2249 3428 T.
2281 3372 2484 3431 Sextio

378 3458 461 3516 35
481 3451 675 3529 legato
720 3463 995 3528 ceperant
1037 3452 1235 3513 locum
1274 3456 1652 3533 superiorem.
1739 3456 2050 3534 Legiones,
2081 3460 2182 3523 ubi
2223 3463 2480 3537 primum

482 3540 779 3616 planitiem
808 3542 1137 3619 attigerunt,
1167 3542 1391 3603 infestis
1417 3554 1620 3603 contra
1647 3546 1836 3605 hostes
1863 3548 2048 3625 signis
2073 3552 2478 3611 constiterunt.

481 3626 928 3703 Vercingetorix
974 3631 1049 3686 ab
1094 3632 1388 3690 radicibus
1430 3635 1598 3693 collis
1638 3654 1777 3693 suos
1818 3637 1972 3694 intra
2013 3640 2361 3699 munitiones
2391 3660 2478 3701 re·

482 3712 665 3771 duxit.
751 3714 841 3772 Eo
868 3716 961 3773 die
993 3719 1203 3776 milites
1232 3733 1367 3779 sunt
1397 3724 1570 3797 paulo
1599 3726 1794 3785 minus
1822 3744 1927 3785 ncc
1958 3726 2286 3787 desiderati.

562 3798 695 3859 LII.
740 3802 972 3881 Postero
1020 3805 1111 3863 die
1152 3806 1388 3879 Caesar,
1433 3814 1710 3871 concione
1753 3814 2052 3886 advocata,
2091 3819 2478 3879 temeritatem
