<?xml version="1.0" encoding="UTF-8"?>
<!DOCTYPE html PUBLIC "-//W3C//DTD XHTML 1.0 Transitional//EN"
    "http://www.w3.org/TR/xhtml1/DTD/xhtml1-transitional.dtd">
<html xmlns="http://www.w3.org/1999/xhtml" xml:lang="en" lang="en">
 <head>
  <title>
</title>
<meta http-equiv="Content-Type" content="text/html;charset=utf-8" />
  <meta name='ocr-system' content='tesseract 3.04.00' />
  <meta name='ocr-capabilities' content='ocr_page ocr_carea ocr_par ocr_line ocrx_word'/>
</head>
<body>
  <div class='ocr_page' id='page_1' title='image "./cjuliuscaesarsc01spengoog_0041.png"; bbox 0 0 2709 4300; ppageno 0'>
   <div class='ocr_carea' id='block_1_1' title="bbox 179 362 2289 424">
    <p class='ocr_par' dir='ltr' id='par_1_1' title="bbox 179 362 2289 424">
     <span class='ocr_line' id='line_1_1' title="bbox 179 362 2289 424; baseline 0.005 -10"><span class='ocrx_word' id='word_1_1' title='bbox 179 363 308 416; x_wconf 69' lang='lat' dir='ltr'><strong>eu,</strong></span> <span class='ocrx_word' id='word_1_2' title='bbox 327 368 400 417; x_wconf 59' lang='grc' dir='ltr'><strong>ιι,</strong></span> <span class='ocrx_word' id='word_1_3' title='bbox 417 362 508 415; x_wconf 65' lang='lat'><strong>421</strong></span> <span class='ocrx_word' id='word_1_4' title='bbox 989 364 1184 418; x_wconf 72' lang='lat' dir='ltr'><strong>Lissa</strong></span> <span class='ocrx_word' id='word_1_5' title='bbox 1219 365 1482 417; x_wconf 71' lang='lat' dir='ltr'><strong>palmus,</strong></span> <span class='ocrx_word' id='word_1_6' title='bbox 2203 365 2289 424; x_wconf 80' lang='lat'><strong>88</strong></span> 
     </span>
    </p>
   </div>
   <div class='ocr_carea' id='block_1_2' title="bbox 179 494 2291 3963">
    <p class='ocr_par' dir='ltr' id='par_1_2' title="bbox 179 494 2287 2072">
     <span class='ocr_line' id='line_1_2' title="bbox 183 494 2182 582; baseline 0.005 -22"><span class='ocrx_word' id='word_1_7' title='bbox 183 509 300 560; x_wconf 74' lang='lat' dir='ltr'><strong>aut</strong></span> <span class='ocrx_word' id='word_1_8' title='bbox 313 499 389 568; x_wconf 75' lang='lat' dir='ltr'><strong>de</strong></span> <span class='ocrx_word' id='word_1_9' title='bbox 413 494 606 558; x_wconf 73' lang='lat' dir='ltr'><strong>officio</strong></span> <span class='ocrx_word' id='word_1_10' title='bbox 631 499 994 575; x_wconf 86' lang='lat' dir='ltr'><strong>imperatoris</strong></span> <span class='ocrx_word' id='word_1_11' title='bbox 1019 501 1346 578; x_wconf 86' lang='lat' dir='ltr'><strong>desperare,</strong></span> <span class='ocrx_word' id='word_1_12' title='bbox 1371 514 1473 564; x_wconf 82' lang='lat' dir='ltr'><strong>aut</strong></span> <span class='ocrx_word' id='word_1_13' title='bbox 1500 507 1893 582; x_wconf 70' lang='lat' dir='ltr'><strong>praescribere</strong></span> <span class='ocrx_word' id='word_1_14' title='bbox 1922 506 2182 569; x_wconf 67' lang='lat' dir='ltr'><strong>videren-</strong></span> 
     </span>
     <span class='ocr_line' id='line_1_3' title="bbox 181 585 2181 672; baseline 0.006 -23"><span class='ocrx_word' id='word_1_15' title='bbox 181 602 312 649; x_wconf 80' lang='lat' dir='ltr'><strong>tur.</strong></span> <span class='ocrx_word' id='word_1_16' title='bbox 399 588 568 652; x_wconf 84' lang='lat' dir='ltr'><strong>Haec</strong></span> <span class='ocrx_word' id='word_1_17' title='bbox 595 589 705 646; x_wconf 86' lang='lat' dir='ltr'><strong>sibi</strong></span> <span class='ocrx_word' id='word_1_18' title='bbox 745 609 873 648; x_wconf 88' lang='lat' dir='ltr'><strong>esse</strong></span> <span class='ocrx_word' id='word_1_19' title='bbox 913 609 1138 662; x_wconf 82' lang='lat' dir='ltr'><strong>curae3</strong></span> <span class='ocrx_word' id='word_1_20' title='bbox 1185 591 1541 652; x_wconf 86' lang='lat' dir='ltr'><strong>frumentum</strong></span> <span class='ocrx_word' id='word_1_21' title='bbox 1580 585 1897 672; x_wconf 61' lang='lat' dir='ltr'><strong>Sequanos,</strong></span> <span class='ocrx_word' id='word_1_22' title='bbox 1928 593 2181 668; x_wconf 72' lang='lat' dir='ltr'><strong>Leucon.</strong></span> 
     </span>
     <span class='ocr_line' id='line_1_4' title="bbox 185 677 2181 760; baseline 0.004 -21"><span class='ocrx_word' id='word_1_23' title='bbox 185 677 498 754; x_wconf 81' lang='lat' dir='ltr'><strong>Lingonas</strong></span> <span class='ocrx_word' id='word_1_24' title='bbox 520 679 1012 751; x_wconf 63' lang='lat' dir='ltr'><strong>‘subministrare3</strong></span> <span class='ocrx_word' id='word_1_25' title='bbox 1048 681 1286 756; x_wconf 84' lang='lat' dir='ltr'><strong>jamque</strong></span> <span class='ocrx_word' id='word_1_26' title='bbox 1313 702 1441 743; x_wconf 85' lang='lat' dir='ltr'><strong>esse</strong></span> <span class='ocrx_word' id='word_1_27' title='bbox 1468 684 1531 740; x_wconf 89' lang='lat' dir='ltr'><strong>in</strong></span> <span class='ocrx_word' id='word_1_28' title='bbox 1556 685 1715 760; x_wconf 83' lang='lat' dir='ltr'><strong>agris</strong></span> <span class='ocrx_word' id='word_1_29' title='bbox 1743 682 2035 746; x_wconf 81' lang='lat' dir='ltr'><strong>frumenta</strong></span> <span class='ocrx_word' id='word_1_30' title='bbox 2060 703 2181 746; x_wconf 56' lang='lat' dir='ltr'><strong>mse</strong></span> 
     </span>
     <span class='ocr_line' id='line_1_5' title="bbox 183 767 2183 847; baseline 0.005 -19"><span class='ocrx_word' id='word_1_31' title='bbox 183 777 360 828; x_wconf 85' lang='lat' dir='ltr'><strong>tura:</strong></span> <span class='ocrx_word' id='word_1_32' title='bbox 399 767 472 824; x_wconf 76' lang='lat' dir='ltr'><strong>de</strong></span> <span class='ocrx_word' id='word_1_33' title='bbox 499 768 724 836; x_wconf 79' lang='lat' dir='ltr'><strong>itinere,</strong></span> <span class='ocrx_word' id='word_1_34' title='bbox 757 767 910 844; x_wconf 76' lang='lat' dir='ltr'><strong>ipsos</strong></span> <span class='ocrx_word' id='word_1_35' title='bbox 937 769 1098 830; x_wconf 83' lang='lat' dir='ltr'><strong>brevi</strong></span> <span class='ocrx_word' id='word_1_36' title='bbox 1126 780 1381 847; x_wconf 83' lang='lat' dir='ltr'><strong>tempore</strong></span> <span class='ocrx_word' id='word_1_37' title='bbox 1401 772 1783 847; x_wconf 85' lang='lat' dir='ltr'><strong>judicaturos.</strong></span> <span class='ocrx_word' id='word_1_38' title='bbox 1867 773 2041 841; x_wconf 82' lang='lat' dir='ltr'><strong>Quod</strong></span> <span class='ocrx_word' id='word_1_39' title='bbox 2066 793 2183 837; x_wconf 76' lang='lat' dir='ltr'><strong>non</strong></span> 
     </span>
     <span class='ocr_line' id='line_1_6' title="bbox 185 855 2247 938; baseline 0.006 -24"><span class='ocrx_word' id='word_1_40' title='bbox 185 855 320 914; x_wconf 81' lang='lat' dir='ltr'><strong>fore</strong></span> <span class='ocrx_word' id='word_1_41' title='bbox 345 855 500 918; x_wconf 86' lang='lat' dir='ltr'><strong>dicto</strong></span> <span class='ocrx_word' id='word_1_42' title='bbox 527 856 826 920; x_wconf 72' lang='lat' dir='ltr'><strong>audientes</strong></span> <span class='ocrx_word' id='word_1_43' title='bbox 854 857 1084 926; x_wconf 85' lang='lat' dir='ltr'><strong>milites,</strong></span> <span class='ocrx_word' id='word_1_44' title='bbox 1113 877 1302 935; x_wconf 85' lang='lat' dir='ltr'><strong>neque</strong></span> <span class='ocrx_word' id='word_1_45' title='bbox 1327 861 1497 938; x_wconf 85' lang='lat' dir='ltr'><strong>signa</strong></span> <span class='ocrx_word' id='word_1_46' title='bbox 1525 862 1699 920; x_wconf 85' lang='lat' dir='ltr'><strong>laturi</strong></span> <span class='ocrx_word' id='word_1_47' title='bbox 1715 863 2007 934; x_wconf 84' lang='lat' dir='ltr'><strong>dicantur,</strong></span> <span class='ocrx_word' id='word_1_48' title='bbox 2034 864 2181 926; x_wconf 81' lang='lat' dir='ltr'><strong>nibil</strong></span> <span class='ocrx_word' id='word_1_49' title='bbox 2206 871 2247 930; x_wconf 70' lang='lat'><strong><em>5</em></strong></span> 
     </span>
     <span class='ocr_line' id='line_1_7' title="bbox 183 947 2185 1027; baseline 0.005 -23"><span class='ocrx_word' id='word_1_50' title='bbox 183 964 258 1004; x_wconf 83' lang='lat' dir='ltr'><strong>se</strong></span> <span class='ocrx_word' id='word_1_51' title='bbox 303 964 378 1002; x_wconf 86' lang='lat' dir='ltr'><strong>ea</strong></span> <span class='ocrx_word' id='word_1_52' title='bbox 425 963 490 1004; x_wconf 87' lang='lat' dir='ltr'><strong>re</strong></span> <span class='ocrx_word' id='word_1_53' title='bbox 531 947 920 1006; x_wconf 79' lang='lat' dir='ltr'><strong>commoveri:</strong></span> <span class='ocrx_word' id='word_1_54' title='bbox 981 949 1132 1008; x_wconf 88' lang='lat' dir='ltr'><strong>scire</strong></span> <span class='ocrx_word' id='word_1_55' title='bbox 1175 950 1350 1019; x_wconf 87' lang='lat' dir='ltr'><strong>enim,</strong></span> <span class='ocrx_word' id='word_1_56' title='bbox 1396 951 1843 1027; x_wconf 77' lang='lat' dir='ltr'><strong>quibuscunque</strong></span> <span class='ocrx_word' id='word_1_57' title='bbox 1886 953 2185 1014; x_wconf 70' lang='lat' dir='ltr'><strong>exercitus</strong></span> 
     </span>
     <span class='ocr_line' id='line_1_8' title="bbox 185 1034 2181 1118; baseline 0.005 -26"><span class='ocrx_word' id='word_1_58' title='bbox 185 1035 350 1103; x_wconf 82' lang='lat' dir='ltr'><strong>dicto</strong></span> <span class='ocrx_word' id='word_1_59' title='bbox 387 1034 632 1096; x_wconf 79' lang='lat' dir='ltr'><strong>audiens</strong></span> <span class='ocrx_word' id='word_1_60' title='bbox 671 1053 786 1094; x_wconf 88' lang='lat' dir='ltr'><strong>non</strong></span> <span class='ocrx_word' id='word_1_61' title='bbox 831 1034 1024 1108; x_wconf 75' lang='lat' dir='ltr'><strong>fuerit,</strong></span> <span class='ocrx_word' id='word_1_62' title='bbox 1071 1048 1192 1108; x_wconf 84' lang='lat' dir='ltr'><strong>aut,</strong></span> <span class='ocrx_word' id='word_1_63' title='bbox 1237 1040 1391 1096; x_wconf 86' lang='lat' dir='ltr'><strong>male</strong></span> <span class='ocrx_word' id='word_1_64' title='bbox 1436 1058 1499 1098; x_wconf 88' lang='lat' dir='ltr'><strong>re</strong></span> <span class='ocrx_word' id='word_1_65' title='bbox 1539 1050 1723 1118; x_wconf 79' lang='lat' dir='ltr'><strong>gesta,</strong></span> <span class='ocrx_word' id='word_1_66' title='bbox 1754 1040 2045 1102; x_wconf 80' lang='lat' dir='ltr'><strong>fortunam</strong></span> <span class='ocrx_word' id='word_1_67' title='bbox 2084 1041 2181 1102; x_wconf 85' lang='lat' dir='ltr'><strong>de·</strong></span> 
     </span>
     <span class='ocr_line' id='line_1_9' title="bbox 188 1123 2180 1206; baseline 0.006 -26"><span class='ocrx_word' id='word_1_68' title='bbox 188 1123 416 1196; x_wconf 86' lang='lat' dir='ltr'><strong>fuisse3</strong></span> <span class='ocrx_word' id='word_1_69' title='bbox 463 1134 584 1197; x_wconf 79' lang='lat' dir='ltr'><strong>aut,</strong></span> <span class='ocrx_word' id='word_1_70' title='bbox 634 1124 830 1198; x_wconf 90' lang='lat' dir='ltr'><strong>aliquo</strong></span> <span class='ocrx_word' id='word_1_71' title='bbox 874 1123 1130 1184; x_wconf 86' lang='lat' dir='ltr'><strong>facinore</strong></span> <span class='ocrx_word' id='word_1_72' title='bbox 1171 1138 1483 1206; x_wconf 87' lang='lat' dir='ltr'><strong>comperto,</strong></span> <span class='ocrx_word' id='word_1_73' title='bbox 1530 1131 1836 1192; x_wconf 85' lang='lat' dir='ltr'><strong>avaritiam</strong></span> <span class='ocrx_word' id='word_1_74' title='bbox 1874 1150 2003 1190; x_wconf 85' lang='lat' dir='ltr'><strong>esse</strong></span> <span class='ocrx_word' id='word_1_75' title='bbox 2046 1147 2180 1192; x_wconf 67' lang='lat' dir='ltr'><strong>con»</strong></span> 
     </span>
     <span class='ocr_line' id='line_1_10' title="bbox 179 1212 2183 1294; baseline 0.005 -24"><span class='ocrx_word' id='word_1_76' title='bbox 179 1213 478 1288; x_wconf 82' lang='lat' dir='ltr'><strong>junctam.</strong></span> <span class='ocrx_word' id='word_1_77' title='bbox 587 1212 774 1273; x_wconf 76' lang='lat' dir='ltr'><strong>Suam</strong></span> <span class='ocrx_word' id='word_1_78' title='bbox 847 1213 1236 1279; x_wconf 81' lang='lat' dir='ltr'><strong>innocentiam</strong></span> <span class='ocrx_word' id='word_1_79' title='bbox 1304 1228 1585 1294; x_wconf 85' lang='lat' dir='ltr'><strong>perpetua</strong></span> <span class='ocrx_word' id='word_1_80' title='bbox 1638 1220 1777 1288; x_wconf 83' lang='lat' dir='ltr'><strong>vita,</strong></span> <span class='ocrx_word' id='word_1_81' title='bbox 1846 1217 2183 1280; x_wconf 73' lang='lat' dir='ltr'><strong>felicitatem</strong></span> 
     </span>
     <span class='ocr_line' id='line_1_11' title="bbox 186 1302 2287 1384; baseline 0.005 -24"><span class='ocrx_word' id='word_1_82' title='bbox 186 1302 604 1365; x_wconf 84' lang='lat' dir='ltr'><strong>Helvetiorum</strong></span> <span class='ocrx_word' id='word_1_83' title='bbox 659 1302 828 1370; x_wconf 89' lang='lat' dir='ltr'><strong>bello,</strong></span> <span class='ocrx_word' id='word_1_84' title='bbox 883 1321 1011 1364; x_wconf 82' lang='lat' dir='ltr'><strong>esse</strong></span> <span class='ocrx_word' id='word_1_85' title='bbox 1059 1316 1441 1380; x_wconf 79' lang='lat' dir='ltr'><strong>perspectam.</strong></span> <span class='ocrx_word' id='word_1_86' title='bbox 1526 1305 1729 1382; x_wconf 89' lang='lat' dir='ltr'><strong>Itaque</strong></span> <span class='ocrx_word' id='word_1_87' title='bbox 1774 1325 1859 1377; x_wconf 89' lang='lat' dir='ltr'><strong>se,</strong></span> <span class='ocrx_word' id='word_1_88' title='bbox 1914 1308 2067 1384; x_wconf 84' lang='lat' dir='ltr'><strong>quod</strong></span> <span class='ocrx_word' id='word_1_89' title='bbox 2120 1309 2181 1368; x_wconf 77' lang='lat' dir='ltr'><strong>in</strong></span> <span class='ocrx_word' id='word_1_90' title='bbox 2212 1311 2287 1370; x_wconf 78' lang='lat'><strong>10</strong></span> 
     </span>
     <span class='ocr_line' id='line_1_12' title="bbox 186 1391 2181 1472; baseline 0.001 -22"><span class='ocrx_word' id='word_1_91' title='bbox 186 1391 516 1468; x_wconf 79' lang='lat' dir='ltr'>longiorem</span> <span class='ocrx_word' id='word_1_92' title='bbox 539 1391 696 1451; x_wconf 87' lang='lat' dir='ltr'><strong>diem</strong></span> <span class='ocrx_word' id='word_1_93' title='bbox 728 1391 1048 1452; x_wconf 85' lang='lat' dir='ltr'><strong>collaturus</strong></span> <span class='ocrx_word' id='word_1_94' title='bbox 1075 1404 1245 1463; x_wconf 85' lang='lat' dir='ltr'><strong>esset,</strong></span> <span class='ocrx_word' id='word_1_95' title='bbox 1276 1405 1885 1470; x_wconf 80' lang='lat' dir='ltr'><strong>repraesentaturum3</strong></span> <span class='ocrx_word' id='word_1_96' title='bbox 1930 1405 1989 1454; x_wconf 87' lang='lat' dir='ltr'><strong>et</strong></span> <span class='ocrx_word' id='word_1_97' title='bbox 2018 1415 2181 1472; x_wconf 72' lang='lat' dir='ltr'><strong>prox.</strong></span> 
     </span>
     <span class='ocr_line' id='line_1_13' title="bbox 185 1479 2185 1560; baseline 0.004 -22"><span class='ocrx_word' id='word_1_98' title='bbox 185 1481 316 1538; x_wconf 86' lang='lat' dir='ltr'><strong>ima</strong></span> <span class='ocrx_word' id='word_1_99' title='bbox 342 1491 512 1542; x_wconf 73' lang='lat' dir='ltr'><strong>nocte</strong></span> <span class='ocrx_word' id='word_1_100' title='bbox 537 1479 610 1539; x_wconf 88' lang='lat' dir='ltr'><strong>de</strong></span> <span class='ocrx_word' id='word_1_101' title='bbox 627 1491 832 1556; x_wconf 81' lang='lat' dir='ltr'><strong>quarta</strong></span> <span class='ocrx_word' id='word_1_102' title='bbox 849 1482 1052 1558; x_wconf 85' lang='lat' dir='ltr'><strong>vigilia</strong></span> <span class='ocrx_word' id='word_1_103' title='bbox 1079 1493 1274 1540; x_wconf 85' lang='lat' dir='ltr'><strong>castra</strong></span> <span class='ocrx_word' id='word_1_104' title='bbox 1299 1493 1611 1553; x_wconf 83' lang='lat' dir='ltr'><strong>moturum,</strong></span> <span class='ocrx_word' id='word_1_105' title='bbox 1636 1492 1699 1542; x_wconf 90' lang='lat' dir='ltr'><strong>ut</strong></span> <span class='ocrx_word' id='word_1_106' title='bbox 1724 1503 1905 1560; x_wconf 88' lang='lat' dir='ltr'><strong>quam</strong></span> <span class='ocrx_word' id='word_1_107' title='bbox 1932 1485 2185 1560; x_wconf 80' lang='lat' dir='ltr'><strong>primum</strong></span> 
     </span>
     <span class='ocr_line' id='line_1_14' title="bbox 187 1569 2185 1648; baseline 0.004 -22"><span class='ocrx_word' id='word_1_108' title='bbox 187 1569 522 1646; x_wconf 85' lang='lat' dir='ltr'><strong>intelligere</strong></span> <span class='ocrx_word' id='word_1_109' title='bbox 565 1580 770 1646; x_wconf 85' lang='lat' dir='ltr'><strong>posset,</strong></span> <span class='ocrx_word' id='word_1_110' title='bbox 819 1580 1014 1629; x_wconf 86' lang='lat' dir='ltr'><strong>utrum</strong></span> <span class='ocrx_word' id='word_1_111' title='bbox 1061 1571 1214 1648; x_wconf 83' lang='lat' dir='ltr'><strong>apud</strong></span> <span class='ocrx_word' id='word_1_112' title='bbox 1257 1591 1356 1628; x_wconf 89' lang='lat' dir='ltr'><strong>eos</strong></span> <span class='ocrx_word' id='word_1_113' title='bbox 1394 1571 1577 1646; x_wconf 88' lang='lat' dir='ltr'><strong>pudor</strong></span> <span class='ocrx_word' id='word_1_114' title='bbox 1604 1583 1775 1647; x_wconf 86' lang='lat' dir='ltr'><strong>atque</strong></span> <span class='ocrx_word' id='word_1_115' title='bbox 1802 1571 2079 1641; x_wconf 85' lang='lat' dir='ltr'><strong>officium,</strong></span> <span class='ocrx_word' id='word_1_116' title='bbox 2108 1591 2185 1633; x_wconf 82' lang='lat' dir='ltr'><strong>an</strong></span> 
     </span>
     <span class='ocr_line' id='line_1_15' title="bbox 187 1657 2185 1737; baseline 0.002 -17"><span class='ocrx_word' id='word_1_117' title='bbox 187 1660 368 1720; x_wconf 74' lang='lat' dir='ltr'><strong>tium</strong></span> <span class='ocrx_word' id='word_1_118' title='bbox 415 1657 656 1716; x_wconf 86' lang='lat' dir='ltr'><strong>valeret.</strong></span> <span class='ocrx_word' id='word_1_119' title='bbox 753 1659 924 1724; x_wconf 84' lang='lat' dir='ltr'><strong>Quod</strong></span> <span class='ocrx_word' id='word_1_120' title='bbox 969 1659 1020 1716; x_wconf 87' lang='lat' dir='ltr'><strong>si</strong></span> <span class='ocrx_word' id='word_1_121' title='bbox 1062 1670 1363 1734; x_wconf 85' lang='lat' dir='ltr'><strong>praeterea</strong></span> <span class='ocrx_word' id='word_1_122' title='bbox 1414 1679 1585 1718; x_wconf 81' lang='lat' dir='ltr'><strong>nemo</strong></span> <span class='ocrx_word' id='word_1_123' title='bbox 1638 1670 1935 1737; x_wconf 85' lang='lat' dir='ltr'><strong>sequatur,</strong></span> <span class='ocrx_word' id='word_1_124' title='bbox 1990 1670 2185 1722; x_wconf 73' lang='lat' dir='ltr'><strong>tamen</strong></span> 
     </span>
     <span class='ocr_line' id='line_1_16' title="bbox 189 1745 2287 1826; baseline 0.004 -20"><span class='ocrx_word' id='word_1_125' title='bbox 189 1767 258 1806; x_wconf 87' lang='lat' dir='ltr'><strong>se</strong></span> <span class='ocrx_word' id='word_1_126' title='bbox 299 1767 441 1806; x_wconf 86' lang='lat' dir='ltr'><strong>cum</strong></span> <span class='ocrx_word' id='word_1_127' title='bbox 485 1747 608 1806; x_wconf 85' lang='lat' dir='ltr'><strong>sola</strong></span> <span class='ocrx_word' id='word_1_128' title='bbox 649 1745 877 1808; x_wconf 84' lang='lat' dir='ltr'><strong>decima</strong></span> <span class='ocrx_word' id='word_1_129' title='bbox 904 1749 1132 1826; x_wconf 80' lang='lat' dir='ltr'><strong>legione</strong></span> <span class='ocrx_word' id='word_1_130' title='bbox 1175 1749 1412 1818; x_wconf 85' lang='lat' dir='ltr'><strong>iturum,</strong></span> <span class='ocrx_word' id='word_1_131' title='bbox 1442 1748 1515 1806; x_wconf 88' lang='lat' dir='ltr'><strong>de</strong></span> <span class='ocrx_word' id='word_1_132' title='bbox 1558 1768 1677 1824; x_wconf 90' lang='lat' dir='ltr'><strong>qua</strong></span> <span class='ocrx_word' id='word_1_133' title='bbox 1714 1767 1829 1808; x_wconf 90' lang='lat' dir='ltr'><strong>non</strong></span> <span class='ocrx_word' id='word_1_134' title='bbox 1858 1749 2179 1822; x_wconf 80' lang='lat' dir='ltr'><strong>dubitaret3</strong></span> <span class='ocrx_word' id='word_1_135' title='bbox 2210 1754 2287 1816; x_wconf 74' lang='lat'><strong>1⁵</strong></span> 
     </span>
     <span class='ocr_line' id='line_1_17' title="bbox 191 1836 2183 1916; baseline 0.003 -22"><span class='ocrx_word' id='word_1_136' title='bbox 191 1837 424 1912; x_wconf 78' lang='lat' dir='ltr'><strong>sibique</strong></span> <span class='ocrx_word' id='word_1_137' title='bbox 471 1855 604 1898; x_wconf 77' lang='lat' dir='ltr'><strong>cam</strong></span> <span class='ocrx_word' id='word_1_138' title='bbox 649 1837 994 1912; x_wconf 74' lang='lat' dir='ltr'><strong>praetoriam</strong></span> <span class='ocrx_word' id='word_1_139' title='bbox 1035 1838 1328 1896; x_wconf 85' lang='lat' dir='ltr'><strong>cohortem</strong></span> <span class='ocrx_word' id='word_1_140' title='bbox 1386 1836 1666 1900; x_wconf 87' lang='lat' dir='ltr'><strong>futuram.</strong></span> <span class='ocrx_word' id='word_1_141' title='bbox 1750 1837 1913 1900; x_wconf 86' lang='lat' dir='ltr'><strong>Huic</strong></span> <span class='ocrx_word' id='word_1_142' title='bbox 1968 1839 2183 1916; x_wconf 85' lang='lat' dir='ltr'><strong>legioni</strong></span> 
     </span>
     <span class='ocr_line' id='line_1_18' title="bbox 191 1925 2184 2004; baseline 0.002 -20"><span class='ocrx_word' id='word_1_143' title='bbox 191 1926 418 1984; x_wconf 86' lang='lat' dir='ltr'><strong>Caesar</strong></span> <span class='ocrx_word' id='word_1_144' title='bbox 443 1935 500 1984; x_wconf 86' lang='lat' dir='ltr'><strong>et</strong></span> <span class='ocrx_word' id='word_1_145' title='bbox 520 1925 842 1986; x_wconf 79' lang='lat' dir='ltr'><strong>indulserat</strong></span> <span class='ocrx_word' id='word_1_146' title='bbox 869 1927 1198 2002; x_wconf 87' lang='lat' dir='ltr'><strong>praecipue,</strong></span> <span class='ocrx_word' id='word_1_147' title='bbox 1213 1936 1274 1985; x_wconf 89' lang='lat' dir='ltr'><strong>et</strong></span> <span class='ocrx_word' id='word_1_148' title='bbox 1302 1938 1539 2004; x_wconf 87' lang='lat' dir='ltr'><strong>propter·</strong></span> <span class='ocrx_word' id='word_1_149' title='bbox 1562 1927 1835 1986; x_wconf 84' lang='lat' dir='ltr'><strong>virtutem</strong></span> <span class='ocrx_word' id='word_1_150' title='bbox 1862 1927 2184 1990; x_wconf 86' lang='lat' dir='ltr'><strong>confidebat</strong></span> 
     </span>
     <span class='ocr_line' id='line_1_19' title="bbox 195 2033 474 2072; baseline -0.004 -1"><span class='ocrx_word' id='word_1_151' title='bbox 195 2033 474 2072; x_wconf 76' lang='lat' dir='ltr'><strong>maxime.</strong></span> 
     </span>
    </p>

    <p class='ocr_par' dir='ltr' id='par_1_3' title="bbox 193 2102 2291 3517">
     <span class='ocr_line' id='line_1_20' title="bbox 279 2102 2181 2175; baseline 0.002 -12"><span class='ocrx_word' id='word_1_152' title='bbox 279 2102 440 2167; x_wconf 89' lang='lat' dir='ltr'>XLI.</span> <span class='ocrx_word' id='word_1_153' title='bbox 487 2103 620 2165; x_wconf 88' lang='lat' dir='ltr'><strong>Hac</strong></span> <span class='ocrx_word' id='word_1_154' title='bbox 663 2103 920 2172; x_wconf 79' lang='lat' dir='ltr'><strong>oratione</strong></span> <span class='ocrx_word' id='word_1_155' title='bbox 965 2104 1178 2175; x_wconf 89' lang='lat' dir='ltr'><strong>habita,</strong></span> <span class='ocrx_word' id='word_1_156' title='bbox 1223 2106 1439 2165; x_wconf 86' lang='lat' dir='ltr'><strong>mirum</strong></span> <span class='ocrx_word' id='word_1_157' title='bbox 1486 2107 1545 2163; x_wconf 91' lang='lat' dir='ltr'><strong>in</strong></span> <span class='ocrx_word' id='word_1_158' title='bbox 1588 2106 1823 2167; x_wconf 87' lang='lat' dir='ltr'><strong>modum</strong></span> <span class='ocrx_word' id='word_1_159' title='bbox 1862 2125 2181 2169; x_wconf 77' lang='lat' dir='ltr'><strong>conversae</strong></span> 
     </span>
     <span class='ocr_line' id='line_1_21' title="bbox 193 2194 2287 2273; baseline 0.002 -19"><span class='ocrx_word' id='word_1_160' title='bbox 193 2203 334 2254; x_wconf 83' lang='lat' dir='ltr'><strong>sunt</strong></span> <span class='ocrx_word' id='word_1_161' title='bbox 359 2194 620 2253; x_wconf 85' lang='lat' dir='ltr'><strong>omnium</strong></span> <span class='ocrx_word' id='word_1_162' title='bbox 661 2204 899 2263; x_wconf 78' lang='lat' dir='ltr'><strong>mentes,</strong></span> <span class='ocrx_word' id='word_1_163' title='bbox 929 2214 1272 2271; x_wconf 88' lang='lat' dir='ltr'><strong>summaque</strong></span> <span class='ocrx_word' id='word_1_164' title='bbox 1315 2196 1587 2255; x_wconf 77' lang='lat' dir='ltr'><strong>alacritas</strong></span> <span class='ocrx_word' id='word_1_165' title='bbox 1628 2206 1687 2255; x_wconf 90' lang='lat' dir='ltr'><strong>et</strong></span> <span class='ocrx_word' id='word_1_166' title='bbox 1729 2198 2015 2273; x_wconf 77' lang='lat' dir='ltr'><strong>cupiditas</strong></span> <span class='ocrx_word' id='word_1_167' title='bbox 2042 2198 2181 2255; x_wconf 89' lang='lat' dir='ltr'><strong>belli</strong></span> <span class='ocrx_word' id='word_1_168' title='bbox 2206 2202 2287 2259; x_wconf 78' lang='lat'><strong>20</strong></span> 
     </span>
     <span class='ocr_line' id='line_1_22' title="bbox 194 2282 2185 2363; baseline 0.003 -22"><span class='ocrx_word' id='word_1_169' title='bbox 194 2282 440 2360; x_wconf 82' lang='lat' dir='ltr'><strong>gerendi</strong></span> <span class='ocrx_word' id='word_1_170' title='bbox 459 2297 463 2301; x_wconf 83' lang='grc'><em>·</em></span> <span class='ocrx_word' id='word_1_171' title='bbox 483 2283 682 2341; x_wconf 85' lang='lat' dir='ltr'><strong>innata</strong></span> <span class='ocrx_word' id='word_1_172' title='bbox 725 2292 850 2355; x_wconf 85' lang='lat' dir='ltr'><strong>est;</strong></span> <span class='ocrx_word' id='word_1_173' title='bbox 895 2285 1278 2360; x_wconf 82' lang='lat' dir='ltr'><strong>princepsque</strong></span> <span class='ocrx_word' id='word_1_174' title='bbox 1315 2285 1545 2343; x_wconf 85' lang='lat' dir='ltr'><strong>decima</strong></span> <span class='ocrx_word' id='word_1_175' title='bbox 1586 2286 1739 2363; x_wconf 85' lang='lat' dir='ltr'><strong>legio</strong></span> <span class='ocrx_word' id='word_1_176' title='bbox 1781 2304 1884 2362; x_wconf 84' lang='lat' dir='ltr'><strong>per</strong></span> <span class='ocrx_word' id='word_1_177' title='bbox 1923 2288 2185 2346; x_wconf 83' lang='lat' dir='ltr'><strong>tribunos</strong></span> 
     </span>
     <span class='ocr_line' id='line_1_23' title="bbox 197 2372 2180 2450; baseline 0.002 -20"><span class='ocrx_word' id='word_1_178' title='bbox 197 2372 450 2431; x_wconf 82' lang='lat' dir='ltr'><strong>militum</strong></span> <span class='ocrx_word' id='word_1_179' title='bbox 477 2372 532 2429; x_wconf 90' lang='lat' dir='ltr'><strong>ei</strong></span> <span class='ocrx_word' id='word_1_180' title='bbox 559 2372 778 2448; x_wconf 84' lang='lat' dir='ltr'><strong>gratias</strong></span> <span class='ocrx_word' id='word_1_181' title='bbox 799 2373 934 2449; x_wconf 85' lang='lat' dir='ltr'><strong>egit,</strong></span> <span class='ocrx_word' id='word_1_182' title='bbox 954 2373 1106 2448; x_wconf 90' lang='lat' dir='ltr'><strong>quod</strong></span> <span class='ocrx_word' id='word_1_183' title='bbox 1125 2372 1198 2431; x_wconf 86' lang='lat' dir='ltr'><strong>de</strong></span> <span class='ocrx_word' id='word_1_184' title='bbox 1217 2393 1282 2431; x_wconf 88' lang='lat' dir='ltr'><strong>se</strong></span> <span class='ocrx_word' id='word_1_185' title='bbox 1301 2376 1591 2450; x_wconf 87' lang='lat' dir='ltr'><strong>optimum</strong></span> <span class='ocrx_word' id='word_1_186' title='bbox 1604 2374 1897 2449; x_wconf 84' lang='lat' dir='ltr'><strong>judicium</strong></span> <span class='ocrx_word' id='word_1_187' title='bbox 1915 2375 2180 2447; x_wconf 82' lang='lat' dir='ltr'><strong>fecisset3</strong></span> 
     </span>
     <span class='ocr_line' id='line_1_24' title="bbox 195 2460 2181 2539; baseline 0 -20"><span class='ocrx_word' id='word_1_188' title='bbox 195 2480 378 2535; x_wconf 83' lang='lat' dir='ltr'><strong>seque</strong></span> <span class='ocrx_word' id='word_1_189' title='bbox 419 2479 548 2520; x_wconf 86' lang='lat' dir='ltr'><strong>esse</strong></span> <span class='ocrx_word' id='word_1_190' title='bbox 591 2460 662 2520; x_wconf 85' lang='lat' dir='ltr'><strong>ad</strong></span> <span class='ocrx_word' id='word_1_191' title='bbox 709 2460 924 2519; x_wconf 87' lang='lat' dir='ltr'><strong>bellum</strong></span> <span class='ocrx_word' id='word_1_192' title='bbox 967 2462 1288 2538; x_wconf 87' lang='lat' dir='ltr'><strong>gerendum</strong></span> <span class='ocrx_word' id='word_1_193' title='bbox 1333 2464 1757 2539; x_wconf 76' lang='lat' dir='ltr'><strong>paratissimam</strong></span> <span class='ocrx_word' id='word_1_194' title='bbox 1800 2463 2181 2520; x_wconf 83' lang='lat' dir='ltr'><strong>confirmavit.</strong></span> 
     </span>
     <span class='ocr_line' id='line_1_25' title="bbox 199 2548 2187 2627; baseline 0.001 -20"><span class='ocrx_word' id='word_1_195' title='bbox 199 2548 428 2607; x_wconf 84' lang='lat' dir='ltr'><strong>Deinde</strong></span> <span class='ocrx_word' id='word_1_196' title='bbox 467 2548 730 2624; x_wconf 84' lang='lat' dir='ltr'><strong>reliquae</strong></span> <span class='ocrx_word' id='word_1_197' title='bbox 775 2549 1051 2626; x_wconf 64' lang='lat' dir='ltr'><strong>legiones(</strong></span> <span class='ocrx_word' id='word_1_198' title='bbox 1076 2570 1180 2627; x_wconf 89' lang='lat' dir='ltr'><strong>per</strong></span> <span class='ocrx_word' id='word_1_199' title='bbox 1205 2552 1467 2610; x_wconf 82' lang='lat' dir='ltr'><strong>tribunos</strong></span> <span class='ocrx_word' id='word_1_200' title='bbox 1493 2552 1742 2609; x_wconf 88' lang='lat' dir='ltr'><strong>militum</strong></span> <span class='ocrx_word' id='word_1_201' title='bbox 1783 2561 1841 2609; x_wconf 91' lang='lat' dir='ltr'><strong>et</strong></span> <span class='ocrx_word' id='word_1_202' title='bbox 1868 2552 2187 2627; x_wconf 87' lang='lat' dir='ltr'><strong>primorum</strong></span> 
     </span>
     <span class='ocr_line' id='line_1_26' title="bbox 198 2638 2289 2716; baseline 0.001 -21"><span class='ocrx_word' id='word_1_203' title='bbox 198 2639 472 2699; x_wconf 79' lang='lat' dir='ltr'><strong>ordinum</strong></span> <span class='ocrx_word' id='word_1_204' title='bbox 497 2638 868 2701; x_wconf 85' lang='lat' dir='ltr'><strong>centuriones</strong></span> <span class='ocrx_word' id='word_1_205' title='bbox 909 2651 1176 2716; x_wconf 86' lang='lat' dir='ltr'><strong>egerunt,</strong></span> <span class='ocrx_word' id='word_1_206' title='bbox 1209 2642 1292 2697; x_wconf 88' lang='lat' dir='ltr'><strong>uti</strong></span> <span class='ocrx_word' id='word_1_207' title='bbox 1333 2641 1576 2699; x_wconf 81' lang='lat' dir='ltr'><strong>Caesari</strong></span> <span class='ocrx_word' id='word_1_208' title='bbox 1620 2639 2061 2699; x_wconf 79' lang='lat' dir='ltr'><strong>satisfacerent:</strong></span> <span class='ocrx_word' id='word_1_209' title='bbox 2106 2640 2184 2699; x_wconf 85' lang='lat' dir='ltr'><strong>Se</strong></span> <span class='ocrx_word' id='word_1_210' title='bbox 2208 2642 2289 2698; x_wconf 75' lang='lat'><strong>25</strong></span> 
     </span>
     <span class='ocr_line' id='line_1_27' title="bbox 201 2727 2188 2805; baseline -0.001 -18"><span class='ocrx_word' id='word_1_211' title='bbox 201 2746 392 2803; x_wconf 88' lang='lat' dir='ltr'><strong>neque</strong></span> <span class='ocrx_word' id='word_1_212' title='bbox 437 2746 698 2801; x_wconf 87' lang='lat' dir='ltr'><strong>unquam</strong></span> <span class='ocrx_word' id='word_1_213' title='bbox 739 2727 1032 2787; x_wconf 81' lang='lat' dir='ltr'><strong>dubitasse</strong></span> <span class='ocrx_word' id='word_1_214' title='bbox 1071 2747 1262 2805; x_wconf 86' lang='lat' dir='ltr'><strong>neque</strong></span> <span class='ocrx_word' id='word_1_215' title='bbox 1301 2730 1580 2797; x_wconf 84' lang='lat' dir='ltr'><strong>timuisse,</strong></span> <span class='ocrx_word' id='word_1_216' title='bbox 1608 2747 1801 2802; x_wconf 89' lang='lat' dir='ltr'><strong>neque</strong></span> <span class='ocrx_word' id='word_1_217' title='bbox 1844 2727 1917 2786; x_wconf 91' lang='lat' dir='ltr'><strong>de</strong></span> <span class='ocrx_word' id='word_1_218' title='bbox 1958 2748 2188 2787; x_wconf 84' lang='lat' dir='ltr'><strong>summa</strong></span> 
     </span>
     <span class='ocr_line' id='line_1_28' title="bbox 203 2816 2184 2894; baseline -0.001 -20"><span class='ocrx_word' id='word_1_219' title='bbox 203 2816 340 2875; x_wconf 90' lang='lat' dir='ltr'><strong>belli</strong></span> <span class='ocrx_word' id='word_1_220' title='bbox 387 2834 562 2873; x_wconf 88' lang='lat' dir='ltr'><strong>suum</strong></span> <span class='ocrx_word' id='word_1_221' title='bbox 619 2816 924 2891; x_wconf 81' lang='lat' dir='ltr'><strong>judicium,</strong></span> <span class='ocrx_word' id='word_1_222' title='bbox 971 2818 1074 2875; x_wconf 88' lang='lat' dir='ltr'><strong>sed</strong></span> <span class='ocrx_word' id='word_1_223' title='bbox 1129 2818 1491 2894; x_wconf 84' lang='lat' dir='ltr'><strong>imperatoris</strong></span> <span class='ocrx_word' id='word_1_224' title='bbox 1546 2836 1691 2886; x_wconf 76' lang='lat' dir='ltr'><strong>esse,</strong></span> <span class='ocrx_word' id='word_1_225' title='bbox 1742 2818 2184 2875; x_wconf 83' lang='lat' dir='ltr'><strong>existimavisse.</strong></span> 
     </span>
     <span class='ocr_line' id='line_1_29' title="bbox 204 2904 2185 2983; baseline 0 -20"><span class='ocrx_word' id='word_1_226' title='bbox 204 2904 426 2963; x_wconf 89' lang='lat' dir='ltr'><strong>Eorum</strong></span> <span class='ocrx_word' id='word_1_227' title='bbox 451 2904 840 2965; x_wconf 80' lang='lat' dir='ltr'><strong>satisfactione</strong></span> <span class='ocrx_word' id='word_1_228' title='bbox 871 2917 1128 2982; x_wconf 84' lang='lat' dir='ltr'><strong>accepta,</strong></span> <span class='ocrx_word' id='word_1_229' title='bbox 1157 2917 1216 2965; x_wconf 86' lang='lat' dir='ltr'><strong>et</strong></span> <span class='ocrx_word' id='word_1_230' title='bbox 1257 2906 1461 2963; x_wconf 88' lang='lat' dir='ltr'><strong>itinere</strong></span> <span class='ocrx_word' id='word_1_231' title='bbox 1502 2906 1785 2982; x_wconf 80' lang='lat' dir='ltr'><strong>exquisito</strong></span> <span class='ocrx_word' id='word_1_232' title='bbox 1813 2925 1917 2983; x_wconf 89' lang='lat' dir='ltr'><strong>per</strong></span> <span class='ocrx_word' id='word_1_233' title='bbox 1944 2905 2185 2964; x_wconf 78' lang='lat' dir='ltr'><strong>Divitia·</strong></span> 
     </span>
     <span class='ocr_line' id='line_1_30' title="bbox 203 2994 2188 3069; baseline -0.002 -16"><span class='ocrx_word' id='word_1_234' title='bbox 203 3014 358 3063; x_wconf 87' lang='lat' dir='ltr'><strong>cnm,</strong></span> <span class='ocrx_word' id='word_1_235' title='bbox 389 2994 538 3069; x_wconf 90' lang='lat' dir='ltr'><strong>quod</strong></span> <span class='ocrx_word' id='word_1_236' title='bbox 567 3014 639 3051; x_wconf 80' lang='lat' dir='ltr'><strong>ex</strong></span> <span class='ocrx_word' id='word_1_237' title='bbox 673 2995 864 3053; x_wconf 87' lang='lat' dir='ltr'><strong>Gallis</strong></span> <span class='ocrx_word' id='word_1_238' title='bbox 891 2996 946 3053; x_wconf 86' lang='lat' dir='ltr'><strong>ei</strong></span> <span class='ocrx_word' id='word_1_239' title='bbox 977 2997 1290 3053; x_wconf 85' lang='lat' dir='ltr'><strong>maximam</strong></span> <span class='ocrx_word' id='word_1_240' title='bbox 1332 2995 1505 3053; x_wconf 84' lang='lat' dir='ltr'><strong>fidem</strong></span> <span class='ocrx_word' id='word_1_241' title='bbox 1546 2996 1813 3066; x_wconf 89' lang='lat' dir='ltr'><strong>habebat,</strong></span> <span class='ocrx_word' id='word_1_242' title='bbox 1844 3006 1908 3055; x_wconf 89' lang='lat' dir='ltr'><strong>ut</strong></span> <span class='ocrx_word' id='word_1_243' title='bbox 1936 2995 2188 3053; x_wconf 85' lang='lat' dir='ltr'><strong>millium</strong></span> 
     </span>
     <span class='ocr_line' id='line_1_31' title="bbox 203 3084 2291 3161; baseline 0.001 -19"><span class='ocrx_word' id='word_1_244' title='bbox 203 3084 455 3159; x_wconf 84' lang='lat' dir='ltr'><strong>amplius</strong></span> <span class='ocrx_word' id='word_1_245' title='bbox 479 3084 900 3161; x_wconf 84' lang='lat' dir='ltr'><strong>quinquaginta</strong></span> <span class='ocrx_word' id='word_1_246' title='bbox 927 3085 1198 3154; x_wconf 87' lang='lat' dir='ltr'><strong>circuitu,</strong></span> <span class='ocrx_word' id='word_1_247' title='bbox 1227 3084 1373 3142; x_wconf 86' lang='lat' dir='ltr'><strong>locis</strong></span> <span class='ocrx_word' id='word_1_248' title='bbox 1401 3086 1631 3161; x_wconf 77' lang='lat' dir='ltr'><strong>apertis,</strong></span> <span class='ocrx_word' id='word_1_249' title='bbox 1662 3086 1984 3144; x_wconf 83' lang='lat' dir='ltr'><strong>exercitum</strong></span> <span class='ocrx_word' id='word_1_250' title='bbox 2012 3084 2185 3142; x_wconf 87' lang='lat' dir='ltr'><strong>duce·</strong></span> <span class='ocrx_word' id='word_1_251' title='bbox 2214 3085 2291 3145; x_wconf 76' lang='lat'><strong>30</strong></span> 
     </span>
     <span class='ocr_line' id='line_1_32' title="bbox 207 3172 2185 3250; baseline -0.002 -18"><span class='ocrx_word' id='word_1_252' title='bbox 207 3183 308 3241; x_wconf 87' lang='lat' dir='ltr'><strong>ret,</strong></span> <span class='ocrx_word' id='word_1_253' title='bbox 337 3172 408 3231; x_wconf 87' lang='lat' dir='ltr'><strong>de</strong></span> <span class='ocrx_word' id='word_1_254' title='bbox 436 3183 646 3250; x_wconf 86' lang='lat' dir='ltr'><strong>quarta</strong></span> <span class='ocrx_word' id='word_1_255' title='bbox 673 3174 892 3249; x_wconf 85' lang='lat' dir='ltr'><strong>vigilia,</strong></span> <span class='ocrx_word' id='word_1_256' title='bbox 925 3182 988 3232; x_wconf 90' lang='lat' dir='ltr'><strong>ut</strong></span> <span class='ocrx_word' id='word_1_257' title='bbox 1015 3174 1258 3243; x_wconf 83' lang='lat' dir='ltr'><strong>dixerat,</strong></span> <span class='ocrx_word' id='word_1_258' title='bbox 1290 3173 1584 3250; x_wconf 86' lang='lat' dir='ltr'><strong>profectus</strong></span> <span class='ocrx_word' id='word_1_259' title='bbox 1600 3184 1706 3233; x_wconf 86' lang='lat' dir='ltr'><strong>est.</strong></span> <span class='ocrx_word' id='word_1_260' title='bbox 1790 3174 2047 3250; x_wconf 84' lang='lat' dir='ltr'><strong>Septimo</strong></span> <span class='ocrx_word' id='word_1_261' title='bbox 2072 3172 2185 3243; x_wconf 89' lang='lat' dir='ltr'><strong>die,</strong></span> 
     </span>
     <span class='ocr_line' id='line_1_33' title="bbox 205 3261 2190 3338; baseline -0.001 -17"><span class='ocrx_word' id='word_1_262' title='bbox 205 3281 382 3337; x_wconf 86' lang='lat' dir='ltr'><strong>quum</strong></span> <span class='ocrx_word' id='word_1_263' title='bbox 411 3264 521 3320; x_wconf 88' lang='lat' dir='ltr'><strong>iter</strong></span> <span class='ocrx_word' id='word_1_264' title='bbox 545 3280 656 3323; x_wconf 89' lang='lat' dir='ltr'><strong>non</strong></span> <span class='ocrx_word' id='word_1_265' title='bbox 697 3262 1114 3331; x_wconf 83' lang='lat' dir='ltr'><strong>intermitteret,</strong></span> <span class='ocrx_word' id='word_1_266' title='bbox 1147 3263 1220 3319; x_wconf 91' lang='lat' dir='ltr'><strong>ab</strong></span> <span class='ocrx_word' id='word_1_267' title='bbox 1259 3264 1719 3338; x_wconf 84' lang='lat' dir='ltr'><strong>exploratoribus</strong></span> <span class='ocrx_word' id='word_1_268' title='bbox 1760 3264 1973 3320; x_wconf 85' lang='lat' dir='ltr'><strong>certior</strong></span> <span class='ocrx_word' id='word_1_269' title='bbox 2000 3261 2190 3319; x_wconf 84' lang='lat' dir='ltr'><strong>factus</strong></span> 
     </span>
     <span class='ocr_line' id='line_1_34' title="bbox 203 3352 2190 3428; baseline -0.001 -19"><span class='ocrx_word' id='word_1_270' title='bbox 203 3361 309 3421; x_wconf 89' lang='lat' dir='ltr'><strong>est,</strong></span> <span class='ocrx_word' id='word_1_271' title='bbox 340 3352 620 3411; x_wconf 80' lang='lat' dir='ltr'><strong>Ariovisti</strong></span> <span class='ocrx_word' id='word_1_272' title='bbox 661 3353 858 3428; x_wconf 80' lang='lat' dir='ltr'><strong>copias</strong></span> <span class='ocrx_word' id='word_1_273' title='bbox 895 3372 934 3409; x_wconf 87' lang='lat' dir='ltr'><strong>a</strong></span> <span class='ocrx_word' id='word_1_274' title='bbox 975 3352 1186 3409; x_wconf 89' lang='lat' dir='ltr'><strong>nostris</strong></span> <span class='ocrx_word' id='word_1_275' title='bbox 1229 3352 1489 3412; x_wconf 88' lang='lat' dir='ltr'><strong>millibus</strong></span> <span class='ocrx_word' id='word_1_276' title='bbox 1531 3368 1812 3428; x_wconf 86' lang='lat' dir='ltr'><strong>passuum</strong></span> <span class='ocrx_word' id='word_1_277' title='bbox 1856 3360 2105 3427; x_wconf 87' lang='lat' dir='ltr'><strong>quatuor</strong></span> <span class='ocrx_word' id='word_1_278' title='bbox 2131 3360 2190 3409; x_wconf 89' lang='lat' dir='ltr'><strong>et</strong></span> 
     </span>
     <span class='ocr_line' id='line_1_35' title="bbox 207 3440 660 3517; baseline -0.004 -18"><span class='ocrx_word' id='word_1_279' title='bbox 207 3440 408 3517; x_wconf 83' lang='lat' dir='ltr'><strong>viginti</strong></span> <span class='ocrx_word' id='word_1_280' title='bbox 437 3441 660 3499; x_wconf 86' lang='lat' dir='ltr'><strong>abesse.</strong></span> 
     </span>
    </p>

    <p class='ocr_par' dir='ltr' id='par_1_4' title="bbox 207 3527 2291 3963">
     <span class='ocr_line' id='line_1_36' title="bbox 285 3527 2291 3608; baseline 0.001 -21"><span class='ocrx_word' id='word_1_281' title='bbox 285 3527 473 3587; x_wconf 90' lang='lat' dir='ltr'><strong>XLII.</strong></span> <span class='ocrx_word' id='word_1_282' title='bbox 534 3530 778 3606; x_wconf 82' lang='lat' dir='ltr'><strong>Cognito</strong></span> <span class='ocrx_word' id='word_1_283' title='bbox 821 3530 1096 3589; x_wconf 86' lang='lat' dir='ltr'><strong>Caesaris</strong></span> <span class='ocrx_word' id='word_1_284' title='bbox 1139 3530 1411 3600; x_wconf 79' lang='lat' dir='ltr'><strong>adventu,</strong></span> <span class='ocrx_word' id='word_1_285' title='bbox 1458 3527 1795 3588; x_wconf 84' lang='lat' dir='ltr'><strong>Ariovistus</strong></span> <span class='ocrx_word' id='word_1_286' title='bbox 1846 3529 2069 3608; x_wconf 84' lang='lat' dir='ltr'><strong>legatos</strong></span> <span class='ocrx_word' id='word_1_287' title='bbox 2114 3530 2188 3587; x_wconf 87' lang='lat' dir='ltr'><strong>ad</strong></span> <span class='ocrx_word' id='word_1_288' title='bbox 2214 3534 2291 3591; x_wconf 75' lang='lat'><strong>35</strong></span> 
     </span>
     <span class='ocr_line' id='line_1_37' title="bbox 207 3618 2188 3695; baseline 0.002 -20"><span class='ocrx_word' id='word_1_289' title='bbox 207 3636 339 3675; x_wconf 85' lang='lat' dir='ltr'><strong>eum</strong></span> <span class='ocrx_word' id='word_1_290' title='bbox 381 3620 589 3677; x_wconf 88' lang='lat' dir='ltr'><strong>mittit:</strong></span> <span class='ocrx_word' id='word_1_291' title='bbox 631 3619 806 3685; x_wconf 84' lang='lat' dir='ltr'><strong>Quod</strong></span> <span class='ocrx_word' id='word_1_292' title='bbox 849 3630 1022 3677; x_wconf 90' lang='lat' dir='ltr'><strong>antea</strong></span> <span class='ocrx_word' id='word_1_293' title='bbox 1061 3620 1134 3677; x_wconf 89' lang='lat' dir='ltr'><strong>de</strong></span> <span class='ocrx_word' id='word_1_294' title='bbox 1177 3620 1467 3694; x_wconf 87' lang='lat' dir='ltr'><strong>colloquio</strong></span> <span class='ocrx_word' id='word_1_295' title='bbox 1510 3618 1867 3695; x_wconf 83' lang='lat' dir='ltr'><strong>postulasset,</strong></span> <span class='ocrx_word' id='word_1_296' title='bbox 1896 3618 1952 3675; x_wconf 92' lang='lat' dir='ltr'><strong>id</strong></span> <span class='ocrx_word' id='word_1_297' title='bbox 1981 3636 2099 3694; x_wconf 81' lang='lat' dir='ltr'><strong>per</strong></span> <span class='ocrx_word' id='word_1_298' title='bbox 2124 3638 2188 3679; x_wconf 82' lang='lat' dir='ltr'><strong>se</strong></span> 
     </span>
     <span class='ocr_line' id='line_1_38' title="bbox 210 3707 2189 3785; baseline 0.001 -20"><span class='ocrx_word' id='word_1_299' title='bbox 210 3707 334 3765; x_wconf 82' lang='lat' dir='ltr'><strong>fieri</strong></span> <span class='ocrx_word' id='word_1_300' title='bbox 387 3707 586 3778; x_wconf 89' lang='lat' dir='ltr'><strong>licere,</strong></span> <span class='ocrx_word' id='word_1_301' title='bbox 643 3709 920 3783; x_wconf 87' lang='lat' dir='ltr'><strong>quoniam</strong></span> <span class='ocrx_word' id='word_1_302' title='bbox 973 3709 1208 3785; x_wconf 88' lang='lat' dir='ltr'><strong>propius</strong></span> <span class='ocrx_word' id='word_1_303' title='bbox 1265 3709 1643 3781; x_wconf 85' lang='lat' dir='ltr'><strong>accessisset3</strong></span> <span class='ocrx_word' id='word_1_304' title='bbox 1717 3726 1895 3783; x_wconf 88' lang='lat' dir='ltr'><strong>seque</strong></span> <span class='ocrx_word' id='word_1_305' title='bbox 1950 3707 2009 3764; x_wconf 90' lang='lat' dir='ltr'><strong>id</strong></span> <span class='ocrx_word' id='word_1_306' title='bbox 2062 3708 2189 3766; x_wconf 85' lang='lat' dir='ltr'><strong>sine</strong></span> 
     </span>
     <span class='ocr_line' id='line_1_39' title="bbox 211 3795 2190 3874; baseline -0.001 -19"><span class='ocrx_word' id='word_1_307' title='bbox 211 3796 468 3871; x_wconf 85' lang='lat' dir='ltr'><strong>periculo</strong></span> <span class='ocrx_word' id='word_1_308' title='bbox 495 3796 690 3855; x_wconf 84' lang='lat' dir='ltr'><strong>facere</strong></span> <span class='ocrx_word' id='word_1_309' title='bbox 721 3816 886 3874; x_wconf 86' lang='lat' dir='ltr'><strong>posse</strong></span> <span class='ocrx_word' id='word_1_310' title='bbox 927 3798 1282 3855; x_wconf 79' lang='lat' dir='ltr'><strong>existimare.</strong></span> <span class='ocrx_word' id='word_1_311' title='bbox 1366 3798 1429 3855; x_wconf 93' lang='lat' dir='ltr'>N</span> <span class='ocrx_word' id='word_1_312' title='bbox 1430 3816 1504 3855; x_wconf 88' lang='lat' dir='ltr'><strong>on</strong></span> <span class='ocrx_word' id='word_1_313' title='bbox 1548 3797 1767 3872; x_wconf 88' lang='lat' dir='ltr'><strong>respuit</strong></span> <span class='ocrx_word' id='word_1_314' title='bbox 1806 3795 2190 3855; x_wconf 82' lang='lat' dir='ltr'><strong>conditionem</strong></span> 
     </span>
     <span class='ocr_line' id='line_1_40' title="bbox 211 3884 2193 3963; baseline 0 -20"><span class='ocrx_word' id='word_1_315' title='bbox 211 3884 459 3944; x_wconf 79' lang='lat' dir='ltr'><strong>Caesar:</strong></span> <span class='ocrx_word' id='word_1_316' title='bbox 495 3885 736 3963; x_wconf 85' lang='lat' dir='ltr'><strong>jamque</strong></span> <span class='ocrx_word' id='word_1_317' title='bbox 763 3904 900 3945; x_wconf 85' lang='lat' dir='ltr'><strong>eum</strong></span> <span class='ocrx_word' id='word_1_318' title='bbox 927 3886 1001 3944; x_wconf 87' lang='lat' dir='ltr'><strong>ad</strong></span> <span class='ocrx_word' id='word_1_319' title='bbox 1027 3886 1332 3949; x_wconf 86' lang='lat' dir='ltr'><strong>sanitatem</strong></span> <span class='ocrx_word' id='word_1_320' title='bbox 1352 3886 1565 3945; x_wconf 82' lang='lat' dir='ltr'><strong>reverti</strong></span> <span class='ocrx_word' id='word_1_321' title='bbox 1582 3885 1988 3957; x_wconf 83' lang='lat' dir='ltr'><strong>arbitrabatur,</strong></span> <span class='ocrx_word' id='word_1_322' title='bbox 2008 3902 2193 3961; x_wconf 83' lang='lat' dir='ltr'><strong>quum</strong></span> 
     </span>
    </p>
   </div>
  </div>
 </body>
</html>
