2709 4300
369 245 456 304 62
1083 253 1172 302 DE
1201 251 1415 302 mm
1444 251 1733 302 GALLIOO
2146 248 2283 303 [cu.
2302 253 2371 304 ιι.
2392 254 2459 296 1⁵.

471 400 664 450 essent
701 391 922 468 aptiora
961 401 1020 450 et
1063 389 1619 450 accommodatiora:
1660 405 1851 466 nequa
1890 387 2051 446 enim
2092 386 2185 446 his
2226 396 2463 444 nostrae

471 490 654 540 rostro
695 498 908 540 nocere
935 489 1235 558 poterant3
1280 482 1467 558 (tanta
1492 481 1555 538 in
1592 481 1681 538 eis
1718 487 1843 538 erat
1870 475 2225 553 firmitudo):
2266 495 2467 553 neque

470 579 700 646 propter
743 569 1104 630 altitudinem
1148 569 1322 629 facile
1366 568 1549 628 telum
1594 568 2012 646 adjiciebatur3
2056 576 2115 626 et
2154 566 2357 626 eadem
2384 565 2463 626 de

469 677 652 718 causa
679 661 870 718 minus
913 659 1210 720 commode
1253 659 1509 736 scopulis
1550 657 2013 718 continebantur.
2096 656 2459 733 Accedebat,

405 755 446 808 5
471 757 554 819 ut,
583 767 768 824 quum
807 749 1032 808 saevire
1061 757 1270 806 ventus
1309 749 1611 824 coepisset,
1656 756 1717 806 et
1754 765 1819 804 se
1846 755 2019 804 vento
2062 745 2371 816 dedissent,
2398 755 2465 804 et

468 846 866 913 tempestatem
907 836 1122 896 ferrent
1151 834 1401 904 facilius,
1430 846 1489 894 et
1532 836 1593 892 in
1620 834 1786 894 vadis
1834 835 2213 894 consisterent
2254 835 2461 906 tutius,

468 935 545 995 et,
575 927 650 984 ab
677 935 842 984 aestu
863 925 1194 996 derelictae,
1223 925 1367 984 nihil
1386 943 1529 983 saxa
1555 934 1615 984 et
1640 933 1842 984 cautes
1862 925 2161 984 timerent:
2202 941 2463 1000 quarum

457 1032 665 1072 rerum
693 1016 952 1074 omnium
979 1015 1188 1072 nostris
1211 1013 1461 1072 navibus
1488 1031 1661 1072 casus
1687 1023 1855 1073 erant
1880 1013 2313 1072 extimescendi.

553 1103 715 1162 XIV.
759 1104 1168 1180 Compluribus
1211 1103 1559 1181 expugnatis
1596 1101 1835 1179 oppidis,
1864 1101 2103 1172 Caesar,
2146 1101 2247 1159 ubi
2289 1101 2454 1160 intel-

371 1195 444 1250 10
469 1192 610 1251 lexit
659 1192 874 1252 frustra
919 1202 1146 1251 tantum
1188 1191 1445 1250 laborem
1492 1192 1665 1262 sumi,
1714 1209 1907 1270 neque
1960 1192 2209 1252 hostium
2252 1189 2459 1268 fugam

467 1283 654 1358 captis
679 1282 900 1360 oppidis
946 1282 1201 1358 reprimi,
1223 1289 1413 1358 neque
1442 1281 1531 1340 his
1558 1281 1755 1340 noceri
1782 1300 1965 1358 posse,
1992 1281 2193 1340 statuit
2220 1299 2461 1357 exspec-

467 1372 702 1428 tandam
731 1371 1000 1430 classem.
1084 1370 1256 1437 Quae
1285 1370 1387 1429 ubi
1412 1371 1699 1442 convenit,
1720 1389 1793 1428 ac
1820 1371 2072 1448 primum
2100 1371 2175 1428 ab
2201 1371 2465 1428 hostibus
2510 1415 2518 1427 ,

470 1462 596 1518 visa
621 1471 726 1532 est,
753 1461 993 1523 circiter
1015 1479 1164 1518 ccxx
1191 1478 1373 1518 naves
1398 1479 1601 1520 eorum
1639 1459 2057 1538 paratissimae,
2086 1470 2261 1536 atque
2299 1461 2465 1518 omni

467 1569 682 1630 genere
711 1563 1004 1611 armorum
1031 1551 1457 1621 ornatissimae,
1487 1548 1779 1626 profectae
1806 1568 1881 1608 ex
1910 1559 2095 1626 portu,
2124 1550 2333 1608 nostris
2361 1549 2461 1608 ad-

371 1647 444 1702 15
469 1659 674 1700 versae
715 1643 1128 1700 constiterunt:
1171 1658 1363 1717 neque
1390 1641 1531 1698 satis
1576 1639 1777 1710 Bruto,
1806 1640 1909 1716 qui
1953 1638 2129 1698 classi
2173 1649 2461 1716 praeerat,

468 1730 562 1788 vel
589 1731 838 1788 tribunis
865 1730 1114 1788 militum
1143 1730 1713 1807 centurionibusque,
1742 1728 1957 1805 quibus
1982 1727 2251 1806 singulae
2278 1747 2465 1791 naves

469 1828 636 1876 erant
663 1820 988 1888 attributae,
1017 1820 1315 1880 constabat
1353 1818 1494 1896 quid
1536 1828 1792 1896 agerent,
1822 1827 1925 1878 aut
1962 1837 2139 1895 quam
2180 1819 2464 1876 rationem

469 1925 699 1983 pugnae
727 1909 1076 1966 insisterent.
1159 1907 1367 1966 Rostro
1406 1908 1565 1966 enim
1590 1908 1791 1966 noceri
1817 1925 1931 1966 non
1973 1926 2136 1984 posse
2178 1925 2463 1984 cognove-

471 2005 638 2067 rant3
685 1998 942 2054 turribus
969 2007 1164 2056 autem
1205 1997 1491 2068 excitatis,
1519 2007 1714 2056 tamen
1755 1998 1861 2055 has
1902 1997 2141 2056 altitudo
2182 1999 2467 2076 puppium

365 2095 446 2151 20
473 2103 546 2143 ex
577 2085 836 2144 barbaris
855 2086 1101 2145 navibus
1127 2087 1457 2165 superabat,
1478 2097 1541 2146 ut
1566 2105 1761 2165 neque
1788 2105 1861 2146 ex
1878 2084 2149 2146 inferiore
2167 2086 2297 2146 loco
2322 2088 2466 2146 satis

471 2176 768 2235 commode
793 2178 912 2235 tela
939 2178 1114 2254 adjici
1141 2186 1389 2255 possent,
1417 2187 1475 2237 et
1502 2178 1679 2235 missa
1720 2178 1795 2235 ab
1822 2177 2014 2236 Gallis
2038 2178 2281 2255 gravius
2308 2180 2464 2237 acci-

469 2266 690 2325 derent.
775 2266 912 2327 Una
937 2278 1064 2325 erat
1091 2285 1302 2345 magno
1325 2268 1459 2327 usui
1482 2286 1577 2327 res
1596 2276 1941 2345 praeparata
1966 2286 2003 2325 a
2028 2267 2256 2349 nostris,
2280 2266 2467 2327 falces

471 2366 835 2431 praeacutae,
865 2358 1116 2415 insertae
1159 2356 1486 2433 affixaeque
1514 2356 1815 2433 longuriis,
1844 2374 1959 2414 non
1988 2356 2235 2415 absimili
2278 2355 2467 2415 torma

472 2444 786 2503 muralium
816 2445 1078 2505 falcium.
1161 2446 1276 2503 His
1301 2464 1485 2523 quum
1520 2444 1707 2517 funes,
1736 2446 1839 2522 qui
1865 2455 2148 2503 antennas
2176 2442 2249 2503 ad
2278 2446 2467 2504 malos

365 2544 446 2599 25
471 2533 849 2605 destinabant,
907 2535 1310 2612 comprehensi
1366 2534 1715 2611 adductique
1770 2544 1953 2605 erant,
2004 2535 2239 2613 navigio
2286 2537 2469 2595 remis

471 2623 726 2693 incitatO,
766 2625 1344 2701 praerumpebantur.
1430 2624 1663 2691 Quibus
1704 2624 1993 2694 abscissis,
2036 2633 2319 2683 antennae
2362 2644 2465 2684 ne-

469 2714 722 2771 cessario
749 2713 1144 2785 concidebant,
1188 2724 1269 2785 ut,
1313 2732 1497 2792 quum
1538 2714 1725 2771 omnis
1753 2714 2007 2773 Gallicis
2034 2714 2283 2773 navibus
2330 2734 2469 2791 spes

470 2803 531 2860 in
559 2803 707 2861 velis
749 2806 1236 2881 armamentisque
1273 2806 1630 2875 consisteret,
1673 2806 1765 2863 his
1812 2806 2041 2881 ereptis,
2084 2805 2269 2863 omnis
2318 2824 2466 2863 usus

469 2893 710 2950 navium
755 2910 870 2951 uno
913 2903 1166 2969 tempore
1211 2895 1551 2972 eriperetur.
1637 2894 1953 2971 Reliquum
1994 2904 2123 2953 erat
2164 2905 2463 2955 certamen

369 2990 446 3045 30
471 2982 718 3058 positum
745 2982 806 3039 in
834 2982 1066 3053 virtute,
1095 3002 1212 3058 qua
1239 2985 1419 3042 nostri
1446 2984 1659 3043 milites
1687 2983 1858 3043 facile
1886 2984 2255 3060 superabant,
2284 2995 2463 3061 atque

469 3090 540 3129 eo
567 3072 772 3149 magis,
801 3071 953 3148 quod
981 3073 1042 3129 in
1075 3083 1391 3151 conspectu
1430 3073 1699 3133 Caesaris
1726 3084 1901 3150 atque
1942 3076 2127 3132 omnis
2168 3076 2465 3135 exercitus

471 3180 566 3219 res
591 3162 920 3239 gerebatur,
951 3171 1014 3220 ut
1040 3162 1273 3221 nullum
1311 3163 1487 3239 paulo
1513 3162 1715 3221 fortius
1756 3163 1979 3223 factum
2019 3164 2201 3223 latere
2228 3176 2460 3241 posset:

469 3270 668 3310 omnes
697 3253 853 3311 enim
879 3252 1060 3311 colles
1101 3270 1174 3310 ac
1214 3251 1344 3311 loca
1390 3254 1707 3329 superiora,
1738 3252 1893 3311 unde
1934 3262 2059 3311 erat
2106 3256 2463 3332 propinquus

469 3340 776 3417 despectus
803 3342 860 3397 in
891 3360 1072 3413 mare,
1103 3341 1178 3399 ab
1203 3342 1467 3400 exercitu
1494 3341 1859 3401 tenebantur.

369 3436 446 3491 35
553 3429 687 3487 XV.
731 3429 1006 3507 Dejectis,
1037 3440 1102 3490 ut
1139 3432 1413 3502 diximus,
1444 3434 1727 3503 antennis,
1756 3451 1941 3509 quum
1980 3433 2247 3511 singulas
2287 3435 2461 3494 binae

471 3536 545 3577 ac
573 3529 772 3578 ternae
799 3538 980 3578 naves
1011 3522 1536 3592 circumsteterant,
1566 3522 1779 3581 milites
1818 3542 2049 3581 summa
2076 3524 2133 3580 vi
2162 3533 2460 3583 transcen-

469 3608 608 3667 dere
635 3610 696 3667 in
711 3610 962 3667 hostium
986 3628 1168 3669 naves
1186 3610 1625 3669 contendebant.
1708 3612 1882 3678 Quod
1904 3623 2205 3691 postquam
2226 3615 2462 3673 barbari

441 3698 603 3755 ‘fieri
629 3698 1176 3767 animadverterunt,
1195 3701 1543 3776 expugnatis
1568 3701 1965 3777 compluribus
1990 3702 2257 3774 navibus,
2274 3722 2462 3780 quum

473 3784 531 3841 ei
549 3784 638 3841 rei
663 3784 892 3845 nullum
919 3785 1266 3863 reperiretur
1293 3790 1599 3861 auxilium,
1630 3788 1773 3869 fuga
1810 3790 2060 3851 salutem
2102 3802 2295 3870 petere
2322 3812 2459 3853 con-
