2709 4300
405 241 529 300 144
1136 249 1225 296 ns
1266 247 1480 296 snm
1513 247 1798 294 onnon
2185 245 2324 299 [cn.
2341 249 2418 298 ω,
2437 249 2508 290 aa

506 387 907 456 Teutomatus,
938 385 1295 446 Olloviconis
1334 386 1508 454 filius,
1539 403 1642 442 rex
1680 383 1743 442 N
1747 382 2098 458 itiobrigum,
2128 383 2306 456 cujus
2333 391 2508 457 pater

505 477 579 535 ab
606 477 825 534 Senatu
854 487 1045 534 nostro
1074 477 1301 532 amicus
1320 484 1448 532 erat
1471 473 1808 550 appellatae,
1831 490 1968 530 cum
1999 489 2210 547 magno
2237 472 2506 544 equitum

504 585 743 625 suorum
790 583 1049 634 numero,
1078 575 1137 624 et
1178 583 1323 640 quos
1365 583 1441 622 ex
1483 563 1802 638 Aquitania
1841 561 2214 630 conduxerat,
2247 561 2320 617 ad
2365 579 2504 619 eum

506 657 786 733 pervenit.

442 747 481 802 5
588 743 837 804 XXXII.
908 745 1149 812 Caesar,
1203 744 1453 800 Avarici
1521 743 1848 818 complures
1913 742 2038 799 dies
2091 750 2496 810 commoratae,

504 851 907 908 summamque
928 834 1007 889 ibi
1028 833 1255 908 copiam
1277 830 1550 889 frumenti
1571 841 1630 888 et
1651 832 1862 907 reliqui
1883 839 2240 890 commeatus
2268 841 2496 899 nactus,

504 923 829 980 exercitum
856 940 928 979 ex
958 921 1153 978 labore
1180 931 1353 995 atque
1383 921 1574 996 inopia
1611 918 1837 978 refecit.
1919 919 2054 977 Jam
2097 938 2270 996 prope
2301 920 2494 977 hieme

504 1009 787 1079 confecta,
818 1029 999 1085 quum
1028 1010 1151 1084 ipso
1178 1009 1315 1066 anni
1342 1018 1600 1084 tempore
1627 1009 1704 1066 ad
1729 1009 2048 1086 gerendum
2077 1008 2298 1066 bellum
2329 1027 2509 1066 vocs--

506 1110 687 1166 retur,
736 1109 794 1156 et
848 1098 921 1156 ad
976 1099 1197 1155 hostem
1254 1097 1544 1173 proficisci
1599 1099 2006 1167 constituisset,
2053 1099 2176 1154 sive
2229 1115 2372 1154 eum
2425 1115 2498 1154 ex

408 1189 482 1246 10
508 1188 815 1264 paludibus
862 1187 1139 1262 silvisque
1180 1186 1414 1254 elicere,
1457 1185 1582 1243 sive
1623 1185 1916 1244 obsidione
1959 1205 2220 1262 premere
2264 1195 2492 1262 posset3

506 1277 685 1354 legati
746 1277 818 1334 ad
880 1278 1015 1334 eum
1080 1276 1368 1352 principes
1427 1275 1770 1332 Aeduorum
1829 1277 2068 1334 veniunt
2127 1287 2376 1344 oratum,
2421 1275 2503 1332 Ut⁴

506 1367 761 1428 maxime
788 1367 1117 1423 necessario
1156 1375 1412 1440 tempore
1453 1365 1675 1422 civitati
1715 1365 2022 1422 subveniat
2045 1383 2332 1422 :summo
2373 1383 2500 1422 esse

506 1457 569 1512 in
598 1456 859 1532 periculo
887 1473 1009 1512 rem
1033 1475 1051 1527 3
1096 1454 1269 1530 quod,
1300 1472 1484 1528 quum
1527 1453 1744 1530 singuli
1784 1454 2156 1530 magistratus
2185 1455 2504 1528 antiquitus

508 1547 715 1614 creari,
734 1555 909 1620 atque
940 1546 1161 1622 regiam
1190 1553 1526 1620 potestatem
1549 1561 1804 1600 annuam
1825 1544 2082 1600 obtinere
2103 1554 2500 1612 consuessent,

410 1641 485 1694 15
510 1634 623 1693 duo
644 1634 1043 1710 magistratum
1064 1645 1288 1708 gerant,
1312 1642 1370 1689 et
1391 1651 1453 1689 se
1479 1641 1720 1706 uterque
1749 1650 1952 1690 eorum
1981 1633 2210 1708 legibus
2237 1642 2506 1690 creatum

508 1743 636 1780 esse
664 1722 838 1780 dicat.
922 1720 1151 1778 Horum
1178 1740 1307 1778 esse
1346 1721 1596 1780 alterum
1637 1719 2172 1789 Convictolitanem,
2203 1721 2504 1778 florentem

508 1821 567 1870 et
608 1812 891 1870 illustrem
934 1809 1357 1867 adolescentem
1383 1829 1401 1880 3
1449 1809 1694 1866 alterum
1735 1808 1962 1877 Cotum,
1994 1810 2394 1884 antiquissima
2423 1809 2503 1866 sa-

510 1901 672 1958 milia
712 1911 931 1968 natum,
993 1909 1164 1975 atque
1210 1900 1402 1974 ipsum
1457 1899 1746 1956 hominem
1793 1917 2057 1955 summae
2111 1900 2399 1974 potentiae
2449 1910 2510 1956 et

510 2007 759 2064 magnae
788 1989 1184 2064 cognationi53
1232 1987 1404 2062 cujus
1446 1986 1624 2044 frater
1666 1986 2009 2044 Valetiacus
2053 1988 2312 2062 proximo
2355 2006 2510 2046 anno

404 2083 487 2138 20
510 2077 759 2134 eundem
816 2077 1216 2153 magistratum
1272 2077 1554 2153 gesserit:
1613 2076 1909 2132 civitatem
1967 2095 2196 2133 omnem
2253 2096 2382 2134 esse
2447 2078 2510 2134 in

512 2165 707 2234 armis,
750 2165 999 2223 divisum
1058 2176 1345 2234 senatum,
1391 2165 1641 2227 divisum
1697 2166 1993 2241 populum,
2037 2185 2176 2223 suas
2215 2167 2510 2241 cujusque

510 2272 711 2311 eorum
740 2255 1061 2312 clientelas.
1147 2254 1319 2319 Quod
1348 2256 1398 2311 si
1427 2254 1646 2311 diutius
1687 2254 1879 2311 alatur
1921 2256 2332 2324 controversia,
2365 2254 2510 2324 fore,

512 2344 596 2401 uti
624 2361 756 2418 pars
784 2362 921 2399 cum
949 2353 1111 2418 parte
1150 2344 1401 2399 civitatis
1439 2344 1748 2419 confligat:
1792 2342 1848 2399 id
1879 2361 1953 2399 ne
1983 2343 2228 2413 accidat,
2260 2345 2516 2421 positum

512 2432 571 2488 in
598 2432 729 2507 ejus
754 2431 1053 2507 diligentia
1082 2442 1255 2507 atque
1284 2432 1645 2489 auctoritate.

404 2529 487 2583 25
594 2519 870 2579 XXXIII.
914 2518 1149 2588 Caesar,
1179 2521 1285 2575 etsi
1332 2540 1368 2576 a
1413 2520 1566 2577 bello
1608 2530 1780 2595 atque
1819 2520 1980 2577 hoste
2007 2520 2308 2579 discedere
2337 2522 2513 2579 detri-

510 2619 832 2669 mentosum
888 2627 1015 2665 esse
1070 2609 1454 2677 existimabat,
1505 2618 1720 2678 tamen,
1779 2627 1892 2665 non
1949 2610 2240 2684 ignorans,
2289 2622 2516 2685 quanta

511 2715 587 2755 ex
630 2696 1076 2754 dissensionibus
1120 2696 1482 2754 incommoda
1524 2698 1662 2754 oriri
1707 2709 2099 2766 consuessent,
2133 2698 2211 2755 n'e
2249 2708 2418 2757 tanta
2459 2712 2520 2758 et

511 2794 628 2841 tam
676 2786 983 2861 conjuncta
1032 2785 1250 2861 Populo
1301 2784 1561 2843 Romano
1606 2787 1831 2854 civitaS,
1877 2804 2053 2861 quam
2100 2787 2224 2861 ipse
2279 2807 2518 2864 semper

514 2873 768 2941 aluisset,
798 2874 1176 2947 omnibusque
1222 2874 1396 2931 rebus
1439 2884 1714 2944 ornasset,
1746 2874 1818 2931 ad
1846 2876 1964 2931 vim
2010 2886 2182 2949 atque
2234 2876 2308 2933 sd
2353 2896 2522 2935 arma

410 2966 489 3019 30
514 2959 902 3029 descenderet,
924 2971 1095 3036 atque
1122 2982 1193 3019 ea
1221 2980 1374 3037 par-S,
1391 2982 1541 3037 quae
1573 2964 1764 3019 minus
1792 2964 1900 3019 sibi
1929 2964 2262 3033 confideret,
2289 2968 2520 3023 auxilia

515 3065 551 3101 a
582 3049 1057 3125 Vercingetorige
1088 3062 1422 3119 arcesseret,
1448 3052 1585 3107 huic
1605 3052 1688 3107 rei
1707 3052 2192 3127 praevertendum
2216 3055 2518 3113 existima-

514 3135 597 3189 vit
620 3155 637 3206 ;
670 3148 725 3193 et
751 3138 903 3212 quod
928 3138 1155 3213 legibus
1179 3138 1520 3195 Aeduorum
1543 3140 1630 3207 iis,
1655 3140 1758 3214 qui
1779 3158 2074 3197 summum
2103 3136 2522 3217 magistratum

512 3218 849 3295 obtinerent,
880 3226 1160 3283 excedere
1204 3246 1277 3283 ex
1322 3227 1538 3283 finibus
1581 3246 1694 3283 non
1737 3228 1956 3297 liceret,
1988 3247 2060 3285 ne
2099 3230 2241 3304 quid
2279 3231 2356 3288 de
2377 3232 2520 3306 jure

515 3316 617 3362 aut
661 3312 731 3369 de
777 3314 1003 3391 legibus
1046 3334 1247 3371 eorum
1294 3314 1630 3371 diminuisse
1662 3315 1975 3385 videretur,
2011 3318 2133 3392 ipse
2176 3318 2238 3374 in
2269 3320 2521 3378 Aeduos

411 3390 487 3443 35
514 3397 803 3459 proficisci
848 3405 1063 3472 statuit,
1110 3414 1491 3477 senatumque
1529 3422 1776 3471 omnem,
1807 3414 1864 3461 et
1905 3424 2051 3478 quos
2091 3406 2246 3463 inter
2285 3420 2518 3466 contro-

514 3484 708 3578 Vffrsia
749 3502 917 3558 esset,
948 3492 1021 3547 ed
1064 3512 1127 3548 se
1170 3490 1478 3563 Decetiam
1516 3492 1800 3547 evocavit.
1885 3492 2090 3557 Quum
2120 3513 2297 3571 prope
2328 3488 2521 3554 orrinis

512 3575 723 3626 civitas
750 3593 817 3629 eo
846 3580 1221 3646 convenisset,
1253 3578 1689 3654 docereturque,
1711 3581 1916 3654 paucis
1945 3581 2100 3638 clam
2131 3585 2375 3654 vocatiS,
2401 3586 2522 3643 alio

512 3636 659 3717 1000,
685 3657 798 3713 alio
818 3670 1087 3735 tempore,
1108 3674 1277 3737 atque
1306 3668 1634 3739 oportuerit,
1657 3665 1894 3727 fratrem
1925 3688 1960 3725 a
1990 3667 2168 3727 fratre
2199 3676 2519 3731 renuncia-

514 3728 685 3802 ²¹¹¹¹¹3
716 3759 896 3812 quum
914 3746 1071 3821 leges
1092 3750 1205 3805 duo
1226 3770 1296 3807 ex
1322 3770 1438 3809 una
1464 3752 1700 3825 familia,
1720 3757 1852 3813 vivo
1881 3767 2144 3835 utroque,
2175 3778 2294 3819 non
2324 3763 2522 3821 solum
