2709 4300
412 267 499 326 04
1117 277 1206 324 ns
1242 275 1452 326 annm
1487 275 1790 324 cauco.
2173 276 2318 363 „¹⁰⁸²
2337 281 2410 330 π,
2427 279 2506 320 aa.

598 411 907 472 xxxvn.
949 411 1181 482 Quibus
1206 431 1281 472 ex
1308 413 1554 472 navibus
1577 431 1759 489 quum
1785 421 1977 469 essent
2004 412 2248 488 expositi
2281 412 2510 468 milites

514 501 749 560 circiter
762 521 881 572 ccc,
902 513 1073 579 atque
1095 503 1155 559 in
1176 511 1368 560 castra
1387 501 1810 568 contenderent,
1835 499 2064 568 Morini,
2087 519 2236 575 quos
2253 500 2508 569 Caesar,

514 592 575 648 in
614 589 975 650 Britanniam
1016 591 1406 668 proficiscens,
1451 601 1680 667 pacatos
1725 589 2054 664 reliquerat,
2097 609 2200 664 spe
2245 589 2506 665 praedae

514 679 763 750 adducti,
784 681 965 755 primo
990 697 1103 738 non
1132 681 1213 736 ita
1228 699 1440 756 magno
1459 697 1694 736 suorum
1711 697 1952 736 numero
1969 679 2507 746 circumsteterunt,

450 777 491 834 0
514 787 603 837 ac,
634 769 683 826 si
726 788 852 826 sese
898 769 1143 826 interfici
1188 769 1426 837 nollent,
1454 786 1616 824 arma
1657 785 1866 843 ponere
1889 767 2204 842 jusserunt.
2287 767 2504 830 Quum

512 855 601 914 illi
626 857 763 914 orbe
792 856 945 914 facto
970 875 1097 914 sese
1138 855 1527 926 defenderent,
1557 856 1826 914 celeriter
1853 856 1922 912 ad
1953 855 2268 913 clamorem
2313 855 2502 913 homi-

403 1018 412 1027 .
512 963 653 1004 num
681 945 915 1004 circiter
940 945 1122 1002 millia
1138 963 1204 1004 v1
1232 955 1652 1003 convenerunt.
1707 945 1845 1010 Qua
1873 963 1932 1002 re
1961 945 2256 1014 nunciata,
2271 945 2510 1002 Caesar

512 1051 739 1092 omnem
794 1053 867 1091 ex
922 1035 1127 1092 castris
1180 1033 1499 1108 equitatum
1555 1035 1678 1091 suis
1725 1035 1942 1091 auxilio
1993 1035 2168 1091 misit.
2253 1034 2502 1092 Interim

510 1124 689 1180 nostri
716 1122 927 1180 milites
968 1125 1245 1199 impetum
1286 1123 1535 1180 hostium
1577 1123 1993 1191 sustinuerunt,
2025 1133 2196 1198 atque
2240 1125 2504 1200 amplius

412 1217 487 1274 10
512 1211 665 1270 horis
708 1223 954 1288 quatuor
992 1211 1293 1270 fortissime
1338 1222 1764 1288 pugnaverunt,
1805 1221 1883 1282 et,
1921 1214 2124 1288 paucis
2151 1213 2505 1270 vulneribus

512 1303 795 1384 acceptis,
828 1301 1155 1377 complures
1198 1319 1270 1359 ex
1320 1301 1394 1357 iis
1435 1301 1788 1358 occiderunt.
1889 1299 2092 1358 Postea
2135 1318 2273 1360 vero
2315 1321 2500 1378 quam

512 1389 805 1464 equitatus
846 1399 1037 1447 noster
1076 1390 1136 1446 in
1180 1397 1551 1466 conspectum
1581 1390 1754 1459 venit,
1801 1390 1988 1447 hostes
2031 1389 2270 1466 abjectis
2315 1392 2504 1447 armis

512 1485 675 1554 terga
704 1487 1017 1547 verterunt,
1040 1497 1404 1556 magnusque
1433 1495 1632 1536 eorum
1661 1495 1940 1536 numerus
1967 1489 2052 1536 est
2077 1481 2330 1536 occisus·

595 1565 931 1625 XXXVIII.
976 1567 1195 1626 Caesar
1222 1577 1446 1643 postero
1471 1567 1566 1624 die
1593 1567 1668 1624 T.
1701 1566 2028 1624 Labienum
2055 1567 2317 1644 legatum
2357 1588 2500 1625 cum

416 1663 489 1718 15
514 1655 583 1714 iis
624 1655 964 1732 legionibus,
994 1675 1143 1731 quas
1184 1675 1259 1714 ex
1301 1656 1594 1713 Britannia
1645 1656 1971 1726 reduxerat,
2001 1658 2060 1713 in
2090 1655 2363 1727 Morinos,
2393 1659 2500 1732 qui

513 1745 887 1802 rebellionem
930 1744 1205 1813 fecerant,
1264 1745 1438 1802 misit.
1521 1745 1666 1810 Qui.
1691 1763 1872 1820 quum
1929 1755 2158 1822 propter
2205 1749 2504 1804 siccitates

512 1834 809 1908 paludum,
838 1851 951 1908 quo
986 1853 1049 1892 se
1091 1835 1433 1910 reciperent,
1461 1851 1573 1891 non
1615 1835 1911 1904 haberent,
1939 1853 2052 1909 quo
2093 1835 2362 1912 perfugio
2399 1857 2498 1894 su.

512 1922 735 1996 periore
764 1941 913 1979 anno
951 1921 1179 1980 fuerant
1222 1923 1333 1992 usi,
1373 1941 1572 1981 omnes
1616 1923 1736 1981 fere
1780 1925 1840 1980 in
1884 1935 2218 2000 potestatem
2247 1925 2499 1982 Labieni

512 2019 815 2066 venerunt.
901 2010 982 2066 At
1008 2010 1088 2076 Q.
1118 2011 1386 2068 Titurius
1427 2023 1482 2070 et
1523 2011 1600 2070 L.
1629 2014 1795 2070 Cotta
1835 2013 2029 2089 legati,
2060 2015 2160 2089 qui
2202 2015 2262 2070 in
2293 2013 2496 2071 Mena-

411 2107 489 2163 20
514 2095 737 2171 piorum
766 2097 911 2155 fines
936 2098 1195 2175 legiones
1222 2099 1525 2171 duxerant,
1547 2102 1811 2159 omnibu's
1831 2119 2031 2159 eorum
2061 2103 2218 2179 agris
2235 2105 2498 2173 vastatiS,

516 2183 821 2243 stumentis
844 2188 1110 2255 succisis,
1136 2188 1416 2246 aedificiis
1441 2192 1713 2259 incensis,
1740 2192 1890 2265 quod
1915 2191 2170 2268 Menapii
2196 2212 2262 2249 se
2291 2212 2502 2251 omnes

514 2274 576 2329 in
602 2272 971 2331 densissimas
998 2276 1175 2332 silvas
1204 2274 1560 2347 abdiderant,
1589 2299 1650 2336 se
1681 2281 1752 2336 ad
1783 2280 2094 2338 Caesarem
2126 2274 2494 2358 receperunt.

514 2361 733 2419 Caesar
760 2364 817 2419 in
848 2362 1045 2441 Belgis
1084 2366 1343 2421 omnium
1384 2366 1676 2442 legionum
1719 2369 1961 2426 hiberna
1997 2372 2320 2429 constituit.
2408 2372 2503 2430 Eo

516 2450 689 2513 duaa
704 2454 935 2509 omnino
978 2453 1241 2509 civitates
1284 2472 1357 2509 ex
1387 2452 1690 2511 Britannia
1731 2458 1958 2515 obsides
1997 2460 2316 2532 miserunt3
2365 2463 2498 2519 reli·

410 2552 490 2608 25
516 2558 667 2615 quae
696 2542 1091 2617 neglexerunt.
1151 2541 1261 2597 His
1284 2542 1456 2602 rebus
1471 2545 1670 2618 gestie,
1691 2562 1763 2601 ex
1781 2544 1964 2603 literis
1981 2546 2254 2607 Caesaris
2267 2550 2501 2609 dierum

516 2646 596 2686 xx
624 2630 964 2706 supplicatio
991 2648 1028 2686 a
1056 2638 1259 2687 senatu
1288 2630 1522 2689 decreta
1549 2642 1657 2690 est.
