<?xml version="1.0" encoding="UTF-8"?>
<!DOCTYPE html PUBLIC "-//W3C//DTD XHTML 1.0 Transitional//EN"
    "http://www.w3.org/TR/xhtml1/DTD/xhtml1-transitional.dtd">
<html xmlns="http://www.w3.org/1999/xhtml" xml:lang="en" lang="en">
 <head>
  <title>
</title>
<meta http-equiv="Content-Type" content="text/html;charset=utf-8" />
  <meta name='ocr-system' content='tesseract 3.04.00' />
  <meta name='ocr-capabilities' content='ocr_page ocr_carea ocr_par ocr_line ocrx_word'/>
</head>
<body>
  <div class='ocr_page' id='page_1' title='image "./cjuliuscaesarsc01spengoog_0160.png"; bbox 0 0 2709 4300; ppageno 0'>
   <div class='ocr_carea' id='block_1_1' title="bbox 2577 5 2614 168">
    <p class='ocr_par' dir='ltr' id='par_1_1' title="bbox 2577 5 2614 168">
     <span class='ocr_line' id='line_1_1' title="bbox 2577 5 2614 168; baseline 0 0"><span class='ocrx_word' id='word_1_1' title='bbox 2577 5 2614 168; x_wconf 62' lang='lat' dir='ltr'><strong>l</strong></span> 
     </span>
    </p>
   </div>
   <div class='ocr_carea' id='block_1_2' title="bbox 398 171 2617 328">
    <p class='ocr_par' dir='ltr' id='par_1_2' title="bbox 398 171 2617 328">
     <span class='ocr_line' id='line_1_2' title="bbox 2611 171 2615 212; baseline 0 0"><span class='ocrx_word' id='word_1_2' title='bbox 2611 171 2615 212; x_wconf 83' lang='grc'>1</span> 
     </span>
     <span class='ocr_line' id='line_1_3' title="bbox 398 238 2617 328; baseline -0.003 -4"><span class='ocrx_word' id='word_1_3' title='bbox 398 263 519 328; x_wconf 68' lang='lat' dir='ltr'><strong>loo</strong></span> <span class='ocrx_word' id='word_1_4' title='bbox 1074 273 1163 322; x_wconf 76' lang='lat' dir='ltr'><strong>ns</strong></span> <span class='ocrx_word' id='word_1_5' title='bbox 1200 271 1420 322; x_wconf 72' lang='lat' dir='ltr'><strong>mm</strong></span> <span class='ocrx_word' id='word_1_6' title='bbox 1451 271 1740 320; x_wconf 62' lang='lat' dir='ltr'><strong>aaaron</strong></span> <span class='ocrx_word' id='word_1_7' title='bbox 2177 271 2485 326; x_wconf 55' lang='lat' dir='ltr'><strong>tomas.</strong></span> <span class='ocrx_word' id='word_1_8' title='bbox 2615 238 2617 264; x_wconf 74' lang='lat'><strong>²</strong></span> 
     </span>
    </p>
   </div>
   <div class='ocr_carea' id='block_1_3' title="bbox 394 410 2516 3898">
    <p class='ocr_par' dir='ltr' id='par_1_3' title="bbox 492 410 2494 762">
     <span class='ocr_line' id='line_1_4' title="bbox 494 410 2492 488; baseline -0.002 -16"><span class='ocrx_word' id='word_1_9' title='bbox 494 413 665 474; x_wconf 80' lang='lat' dir='ltr'><strong>aliter</strong></span> <span class='ocrx_word' id='word_1_10' title='bbox 708 415 941 483; x_wconf 80' lang='lat' dir='ltr'><strong>sentire,</strong></span> <span class='ocrx_word' id='word_1_11' title='bbox 992 431 1109 472; x_wconf 87' lang='lat' dir='ltr'><strong>uno</strong></span> <span class='ocrx_word' id='word_1_12' title='bbox 1154 411 1303 472; x_wconf 83' lang='lat' dir='ltr'><strong>colle</strong></span> <span class='ocrx_word' id='word_1_13' title='bbox 1350 411 1430 470; x_wconf 82' lang='lat' dir='ltr'><strong>ab</strong></span> <span class='ocrx_word' id='word_1_14' title='bbox 1479 411 1758 470; x_wconf 78' lang='lat' dir='ltr'><strong>Romanis</strong></span> <span class='ocrx_word' id='word_1_15' title='bbox 1803 419 2102 488; x_wconf 77' lang='lat' dir='ltr'><strong>occupato,</strong></span> <span class='ocrx_word' id='word_1_16' title='bbox 2145 411 2198 468; x_wconf 85' lang='lat' dir='ltr'><strong>si</strong></span> <span class='ocrx_word' id='word_1_17' title='bbox 2241 410 2492 469; x_wconf 69' lang='lat' dir='ltr'><strong>alterurn</strong></span> 
     </span>
     <span class='ocr_line' id='line_1_5' title="bbox 494 500 2491 582; baseline -0.004 -17"><span class='ocrx_word' id='word_1_18' title='bbox 494 506 839 576; x_wconf 79' lang='lat' dir='ltr'><strong>amisissent,</strong></span> <span class='ocrx_word' id='word_1_19' title='bbox 858 505 1001 582; x_wconf 87' lang='lat' dir='ltr'><strong>quin</strong></span> <span class='ocrx_word' id='word_1_20' title='bbox 1018 521 1205 581; x_wconf 82' lang='lat' dir='ltr'><strong>paene</strong></span> <span class='ocrx_word' id='word_1_21' title='bbox 1218 500 1652 562; x_wconf 80' lang='lat' dir='ltr'><strong>circumvallati</strong></span> <span class='ocrx_word' id='word_1_22' title='bbox 1671 511 1846 577; x_wconf 86' lang='lat' dir='ltr'><strong>atque</strong></span> <span class='ocrx_word' id='word_1_23' title='bbox 1859 501 2017 559; x_wconf 86' lang='lat' dir='ltr'><strong>omni</strong></span> <span class='ocrx_word' id='word_1_24' title='bbox 2043 502 2207 560; x_wconf 82' lang='lat' dir='ltr'><strong>exitu</strong></span> <span class='ocrx_word' id='word_1_25' title='bbox 2229 511 2290 559; x_wconf 84' lang='lat' dir='ltr'><strong>et</strong></span> <span class='ocrx_word' id='word_1_26' title='bbox 2313 501 2491 578; x_wconf 77' lang='lat' dir='ltr'><strong>pabu-</strong></span> 
     </span>
     <span class='ocr_line' id='line_1_6' title="bbox 494 591 2494 654; baseline -0.003 -2"><span class='ocrx_word' id='word_1_27' title='bbox 494 593 707 654; x_wconf 81' lang='lat' dir='ltr'><strong>latione</strong></span> <span class='ocrx_word' id='word_1_28' title='bbox 754 595 1059 654; x_wconf 73' lang='lat' dir='ltr'><strong>interclusi</strong></span> <span class='ocrx_word' id='word_1_29' title='bbox 1106 593 1480 652; x_wconf 82' lang='lat' dir='ltr'><strong>viderentur:</strong></span> <span class='ocrx_word' id='word_1_30' title='bbox 1537 591 1611 650; x_wconf 90' lang='lat' dir='ltr'><strong>ad</strong></span> <span class='ocrx_word' id='word_1_31' title='bbox 1661 591 1818 649; x_wconf 85' lang='lat' dir='ltr'><strong>huno</strong></span> <span class='ocrx_word' id='word_1_32' title='bbox 1865 591 2248 650; x_wconf 84' lang='lat' dir='ltr'><strong>muniendum</strong></span> <span class='ocrx_word' id='word_1_33' title='bbox 2296 591 2494 649; x_wconf 84' lang='lat' dir='ltr'><strong>locum</strong></span> 
     </span>
     <span class='ocr_line' id='line_1_7' title="bbox 492 685 1586 762; baseline -0.003 -20"><span class='ocrx_word' id='word_1_34' title='bbox 492 703 693 743; x_wconf 76' lang='lat' dir='ltr'><strong>onmes</strong></span> <span class='ocrx_word' id='word_1_35' title='bbox 720 705 757 744; x_wconf 84' lang='lat' dir='ltr'><strong>a</strong></span> <span class='ocrx_word' id='word_1_36' title='bbox 784 685 1267 762; x_wconf 82' lang='lat' dir='ltr'><strong>Vercingetorige</strong></span> <span class='ocrx_word' id='word_1_37' title='bbox 1294 691 1586 740; x_wconf 82' lang='lat' dir='ltr'><strong>evocatos.</strong></span> 
     </span>
    </p>

    <p class='ocr_par' dir='ltr' id='par_1_4' title="bbox 430 771 2504 1210">
     <span class='ocr_line' id='line_1_8' title="bbox 430 771 2498 850; baseline -0 -20"><span class='ocrx_word' id='word_1_38' title='bbox 430 775 471 830; x_wconf 74' lang='grc' dir='ltr'><strong>ο</strong></span> <span class='ocrx_word' id='word_1_39' title='bbox 576 774 769 834; x_wconf 85' lang='lat' dir='ltr'>XLV.</span> <span class='ocrx_word' id='word_1_40' title='bbox 814 774 949 834; x_wconf 85' lang='lat' dir='ltr'><strong>Hac</strong></span> <span class='ocrx_word' id='word_1_41' title='bbox 996 792 1061 831; x_wconf 87' lang='lat' dir='ltr'><strong>re</strong></span> <span class='ocrx_word' id='word_1_42' title='bbox 1100 774 1353 850; x_wconf 86' lang='lat' dir='ltr'><strong>cognita,</strong></span> <span class='ocrx_word' id='word_1_43' title='bbox 1379 771 1602 830; x_wconf 83' lang='lat' dir='ltr'><strong>Caessr</strong></span> <span class='ocrx_word' id='word_1_44' title='bbox 1643 771 1813 830; x_wconf 84' lang='lat' dir='ltr'><strong>mittit</strong></span> <span class='ocrx_word' id='word_1_45' title='bbox 1851 771 2181 849; x_wconf 82' lang='lat' dir='ltr'><strong>complures</strong></span> <span class='ocrx_word' id='word_1_46' title='bbox 2227 773 2498 848; x_wconf 84' lang='lat' dir='ltr'><strong>equitum</strong></span> 
     </span>
     <span class='ocr_line' id='line_1_9' title="bbox 494 862 2500 940; baseline -0.003 -14"><span class='ocrx_word' id='word_1_47' title='bbox 494 876 719 926; x_wconf 81' lang='lat' dir='ltr'><strong>turmas</strong></span> <span class='ocrx_word' id='word_1_48' title='bbox 746 885 815 924; x_wconf 83' lang='lat' dir='ltr'><strong>eo</strong></span> <span class='ocrx_word' id='word_1_49' title='bbox 840 865 913 924; x_wconf 88' lang='lat' dir='ltr'><strong>de</strong></span> <span class='ocrx_word' id='word_1_50' title='bbox 942 864 1135 922; x_wconf 82' lang='lat' dir='ltr'><strong>media</strong></span> <span class='ocrx_word' id='word_1_51' title='bbox 1160 873 1363 922; x_wconf 85' lang='lat' dir='ltr'><strong>nocte:</strong></span> <span class='ocrx_word' id='word_1_52' title='bbox 1393 862 1466 920; x_wconf 85' lang='lat' dir='ltr'><strong>iis</strong></span> <span class='ocrx_word' id='word_1_53' title='bbox 1491 863 1756 939; x_wconf 82' lang='lat' dir='ltr'><strong>imperat,</strong></span> <span class='ocrx_word' id='word_1_54' title='bbox 1785 871 1851 919; x_wconf 88' lang='lat' dir='ltr'><strong>ut</strong></span> <span class='ocrx_word' id='word_1_55' title='bbox 1877 862 2052 940; x_wconf 83' lang='lat' dir='ltr'><strong>paulo</strong></span> <span class='ocrx_word' id='word_1_56' title='bbox 2077 862 2500 920; x_wconf 76' lang='lat' dir='ltr'><strong>tumultuosius</strong></span> 
     </span>
     <span class='ocr_line' id='line_1_10' title="bbox 494 950 2500 1030; baseline -0.002 -15"><span class='ocrx_word' id='word_1_57' title='bbox 494 957 763 1015; x_wconf 81' lang='lat' dir='ltr'><strong>omnibus</strong></span> <span class='ocrx_word' id='word_1_58' title='bbox 806 956 867 1012; x_wconf 89' lang='lat' dir='ltr'><strong>in</strong></span> <span class='ocrx_word' id='word_1_59' title='bbox 910 955 1057 1013; x_wconf 87' lang='lat' dir='ltr'><strong>locis</strong></span> <span class='ocrx_word' id='word_1_60' title='bbox 1094 962 1575 1030; x_wconf 74' lang='lat' dir='ltr'><strong>pervagarentur.</strong></span> <span class='ocrx_word' id='word_1_61' title='bbox 1661 951 1860 1008; x_wconf 86' lang='lat' dir='ltr'><strong>Prima</strong></span> <span class='ocrx_word' id='word_1_62' title='bbox 1899 950 2034 1010; x_wconf 79' lang='lat' dir='ltr'><strong>luce</strong></span> <span class='ocrx_word' id='word_1_63' title='bbox 2075 970 2364 1028; x_wconf 75' lang='lat' dir='ltr'><strong>mgnum</strong></span> <span class='ocrx_word' id='word_1_64' title='bbox 2393 968 2500 1010; x_wconf 82' lang='lat' dir='ltr'><strong>nu-</strong></span> 
     </span>
     <span class='ocr_line' id='line_1_11' title="bbox 496 1039 2502 1122; baseline -0.003 -18"><span class='ocrx_word' id='word_1_65' title='bbox 496 1065 723 1104; x_wconf 82' lang='lat' dir='ltr'><strong>merum</strong></span> <span class='ocrx_word' id='word_1_66' title='bbox 750 1045 1289 1122; x_wconf 79' lang='lat' dir='ltr'><strong>impedimentorum</strong></span> <span class='ocrx_word' id='word_1_67' title='bbox 1316 1061 1392 1100; x_wconf 85' lang='lat' dir='ltr'><strong>ex</strong></span> <span class='ocrx_word' id='word_1_68' title='bbox 1420 1043 1628 1100; x_wconf 82' lang='lat' dir='ltr'><strong>castris</strong></span> <span class='ocrx_word' id='word_1_69' title='bbox 1653 1039 1898 1111; x_wconf 75' lang='lat' dir='ltr'>detrahi,</span> <span class='ocrx_word' id='word_1_70' title='bbox 1921 1042 2330 1118; x_wconf 74' lang='lat' dir='ltr'><strong>mulionesque</strong></span> <span class='ocrx_word' id='word_1_71' title='bbox 2361 1059 2502 1099; x_wconf 88' lang='lat' dir='ltr'><strong>cum</strong></span> 
     </span>
     <span class='ocr_line' id='line_1_12' title="bbox 496 1131 2504 1210; baseline -0.003 -16"><span class='ocrx_word' id='word_1_72' title='bbox 496 1135 837 1202; x_wconf 69' lang='lat' dir='ltr'><strong>cassidibus,</strong></span> <span class='ocrx_word' id='word_1_73' title='bbox 858 1135 1119 1210; x_wconf 86' lang='lat' dir='ltr'><strong>equitum</strong></span> <span class='ocrx_word' id='word_1_74' title='bbox 1140 1133 1335 1210; x_wconf 87' lang='lat' dir='ltr'><strong>specie</strong></span> <span class='ocrx_word' id='word_1_75' title='bbox 1359 1151 1432 1190; x_wconf 90' lang='lat' dir='ltr'><strong>ac</strong></span> <span class='ocrx_word' id='word_1_76' title='bbox 1453 1132 1838 1201; x_wconf 84' lang='lat' dir='ltr'><strong>simulatione,</strong></span> <span class='ocrx_word' id='word_1_77' title='bbox 1859 1131 2108 1190; x_wconf 82' lang='lat' dir='ltr'><strong>collibus</strong></span> <span class='ocrx_word' id='word_1_78' title='bbox 2128 1131 2504 1190; x_wconf 75' lang='lat' dir='ltr'><strong>circumvehi</strong></span> 
     </span>
    </p>

    <p class='ocr_par' dir='ltr' id='par_1_5' title="bbox 394 1221 2516 3898">
     <span class='ocr_line' id='line_1_13' title="bbox 398 1221 2506 1302; baseline -0.001 -19"><span class='ocrx_word' id='word_1_79' title='bbox 398 1233 473 1290; x_wconf 74' lang='grc' dir='ltr'><strong>ιο</strong></span> <span class='ocrx_word' id='word_1_80' title='bbox 502 1225 687 1302; x_wconf 84' lang='lat' dir='ltr'><strong>jubet.</strong></span> <span class='ocrx_word' id='word_1_81' title='bbox 768 1223 883 1282; x_wconf 83' lang='lat' dir='ltr'><strong>His</strong></span> <span class='ocrx_word' id='word_1_82' title='bbox 938 1243 1155 1300; x_wconf 82' lang='lat' dir='ltr'><strong>paucos</strong></span> <span class='ocrx_word' id='word_1_83' title='bbox 1208 1221 1366 1280; x_wconf 83' lang='lat' dir='ltr'><strong>addit</strong></span> <span class='ocrx_word' id='word_1_84' title='bbox 1419 1221 1660 1297; x_wconf 86' lang='lat' dir='ltr'><strong>equites,</strong></span> <span class='ocrx_word' id='word_1_85' title='bbox 1715 1221 1820 1298; x_wconf 90' lang='lat' dir='ltr'><strong>qui</strong></span> <span class='ocrx_word' id='word_1_86' title='bbox 1873 1221 2048 1280; x_wconf 77' lang='lat' dir='ltr'><strong>latius</strong></span> <span class='ocrx_word' id='word_1_87' title='bbox 2101 1221 2506 1280; x_wconf 70' lang='lat' dir='ltr'><strong>ostentationis</strong></span> 
     </span>
     <span class='ocr_line' id='line_1_14' title="bbox 496 1311 2508 1392; baseline -0.002 -18"><span class='ocrx_word' id='word_1_88' title='bbox 496 1333 679 1374; x_wconf 81' lang='lat' dir='ltr'><strong>causa</strong></span> <span class='ocrx_word' id='word_1_89' title='bbox 732 1324 1109 1392; x_wconf 77' lang='lat' dir='ltr'><strong>vagarentur.</strong></span> <span class='ocrx_word' id='word_1_90' title='bbox 1212 1311 1420 1390; x_wconf 85' lang='lat' dir='ltr'><strong>Longo</strong></span> <span class='ocrx_word' id='word_1_91' title='bbox 1471 1312 1724 1370; x_wconf 83' lang='lat' dir='ltr'><strong>circuitu</strong></span> <span class='ocrx_word' id='word_1_92' title='bbox 1779 1311 2012 1369; x_wconf 80' lang='lat' dir='ltr'><strong>easdem</strong></span> <span class='ocrx_word' id='word_1_93' title='bbox 2067 1326 2272 1370; x_wconf 81' lang='lat' dir='ltr'><strong>onmes</strong></span> <span class='ocrx_word' id='word_1_94' title='bbox 2331 1313 2508 1388; x_wconf 79' lang='lat' dir='ltr'><strong>jubet</strong></span> 
     </span>
     <span class='ocr_line' id='line_1_15' title="bbox 496 1399 2508 1484; baseline -0.001 -21"><span class='ocrx_word' id='word_1_95' title='bbox 496 1415 693 1484; x_wconf 83' lang='lat' dir='ltr'><strong>petere</strong></span> <span class='ocrx_word' id='word_1_96' title='bbox 742 1405 1027 1481; x_wconf 84' lang='lat' dir='ltr'><strong>regiones.</strong></span> <span class='ocrx_word' id='word_1_97' title='bbox 1112 1402 1283 1462; x_wconf 89' lang='lat' dir='ltr'><strong>Haec</strong></span> <span class='ocrx_word' id='word_1_98' title='bbox 1324 1399 1528 1478; x_wconf 88' lang='lat' dir='ltr'><strong>procul</strong></span> <span class='ocrx_word' id='word_1_99' title='bbox 1555 1419 1627 1459; x_wconf 83' lang='lat' dir='ltr'><strong>ex</strong></span> <span class='ocrx_word' id='word_1_100' title='bbox 1655 1401 1860 1478; x_wconf 91' lang='lat' dir='ltr'><strong>oppido</strong></span> <span class='ocrx_word' id='word_1_101' title='bbox 1887 1401 2253 1471; x_wconf 83' lang='lat' dir='ltr'><strong>videbantur,</strong></span> <span class='ocrx_word' id='word_1_102' title='bbox 2282 1412 2350 1459; x_wconf 92' lang='lat' dir='ltr'><strong>ut</strong></span> <span class='ocrx_word' id='word_1_103' title='bbox 2379 1412 2508 1460; x_wconf 82' lang='lat' dir='ltr'><strong>erat</strong></span> 
     </span>
     <span class='ocr_line' id='line_1_16' title="bbox 498 1491 2508 1572; baseline -0.002 -18"><span class='ocrx_word' id='word_1_104' title='bbox 498 1514 537 1554; x_wconf 79' lang='lat' dir='ltr'><strong>a</strong></span> <span class='ocrx_word' id='word_1_105' title='bbox 562 1494 861 1572; x_wconf 84' lang='lat' dir='ltr'><strong>Gergovia</strong></span> <span class='ocrx_word' id='word_1_106' title='bbox 886 1493 1193 1570; x_wconf 81' lang='lat' dir='ltr'><strong>despectus</strong></span> <span class='ocrx_word' id='word_1_107' title='bbox 1220 1493 1285 1549; x_wconf 88' lang='lat' dir='ltr'><strong>in</strong></span> <span class='ocrx_word' id='word_1_108' title='bbox 1304 1500 1535 1563; x_wconf 80' lang='lat' dir='ltr'><strong>castra3</strong></span> <span class='ocrx_word' id='word_1_109' title='bbox 1567 1509 1756 1568; x_wconf 84' lang='lat' dir='ltr'><strong>neque</strong></span> <span class='ocrx_word' id='word_1_110' title='bbox 1783 1501 1942 1548; x_wconf 82' lang='lat' dir='ltr'><strong>tanto</strong></span> <span class='ocrx_word' id='word_1_111' title='bbox 1969 1491 2171 1567; x_wconf 83' lang='lat' dir='ltr'><strong>spatio,</strong></span> <span class='ocrx_word' id='word_1_112' title='bbox 2191 1493 2338 1549; x_wconf 86' lang='lat' dir='ltr'><strong>certi</strong></span> <span class='ocrx_word' id='word_1_113' title='bbox 2361 1491 2508 1568; x_wconf 88' lang='lat' dir='ltr'><strong>quid</strong></span> 
     </span>
     <span class='ocr_line' id='line_1_17' title="bbox 498 1579 2507 1661; baseline -0.002 -17"><span class='ocrx_word' id='word_1_114' title='bbox 498 1597 667 1654; x_wconf 84' lang='lat' dir='ltr'><strong>esset,</strong></span> <span class='ocrx_word' id='word_1_115' title='bbox 696 1583 988 1661; x_wconf 84' lang='lat' dir='ltr'><strong>explorari</strong></span> <span class='ocrx_word' id='word_1_116' title='bbox 1028 1591 1269 1658; x_wconf 79' lang='lat' dir='ltr'><strong>poterat.</strong></span> <span class='ocrx_word' id='word_1_117' title='bbox 1354 1579 1678 1658; x_wconf 76' lang='lat' dir='ltr'>Legionem</span> <span class='ocrx_word' id='word_1_118' title='bbox 1707 1597 1883 1638; x_wconf 84' lang='lat' dir='ltr'><strong>unam</strong></span> <span class='ocrx_word' id='word_1_119' title='bbox 1911 1580 2112 1638; x_wconf 87' lang='lat' dir='ltr'><strong>eodem</strong></span> <span class='ocrx_word' id='word_1_120' title='bbox 2133 1580 2284 1659; x_wconf 88' lang='lat' dir='ltr'><strong>jugo</strong></span> <span class='ocrx_word' id='word_1_121' title='bbox 2309 1584 2507 1653; x_wconf 82' lang='lat' dir='ltr'><strong>mittit,</strong></span> 
     </span>
     <span class='ocr_line' id='line_1_18' title="bbox 400 1669 2510 1750; baseline -0.001 -17"><span class='ocrx_word' id='word_1_122' title='bbox 400 1685 475 1740; x_wconf 73' lang='lat'><strong>15</strong></span> <span class='ocrx_word' id='word_1_123' title='bbox 498 1685 557 1734; x_wconf 88' lang='lat' dir='ltr'><strong>et</strong></span> <span class='ocrx_word' id='word_1_124' title='bbox 609 1674 851 1750; x_wconf 72' lang='lat' dir='ltr'><strong>paulum</strong></span> <span class='ocrx_word' id='word_1_125' title='bbox 904 1689 1269 1749; x_wconf 72' lang='lat' dir='ltr'><strong>progressam</strong></span> <span class='ocrx_word' id='word_1_126' title='bbox 1324 1669 1604 1728; x_wconf 85' lang='lat' dir='ltr'><strong>inferiore</strong></span> <span class='ocrx_word' id='word_1_127' title='bbox 1653 1671 1948 1728; x_wconf 85' lang='lat' dir='ltr'><strong>constituit</strong></span> <span class='ocrx_word' id='word_1_128' title='bbox 2005 1670 2153 1741; x_wconf 89' lang='lat' dir='ltr'><strong>loeo,</strong></span> <span class='ocrx_word' id='word_1_129' title='bbox 2215 1672 2510 1750; x_wconf 77' lang='lat' dir='ltr'><strong>silvisque</strong></span> 
     </span>
     <span class='ocr_line' id='line_1_19' title="bbox 498 1753 2510 1838; baseline -0 -17"><span class='ocrx_word' id='word_1_130' title='bbox 498 1763 773 1823; x_wconf 82' lang='lat' dir='ltr'><strong>occultat.</strong></span> <span class='ocrx_word' id='word_1_131' title='bbox 880 1763 1155 1838; x_wconf 82' lang='lat' dir='ltr'><strong>Augetur</strong></span> <span class='ocrx_word' id='word_1_132' title='bbox 1210 1753 1406 1818; x_wconf 79' lang='lat' dir='ltr'><strong>Gallis</strong></span> <span class='ocrx_word' id='word_1_133' title='bbox 1459 1761 1728 1838; x_wconf 84' lang='lat' dir='ltr'><strong>suspicio,</strong></span> <span class='ocrx_word' id='word_1_134' title='bbox 1787 1769 1960 1836; x_wconf 87' lang='lat' dir='ltr'><strong>atque</strong></span> <span class='ocrx_word' id='word_1_135' title='bbox 2015 1779 2216 1820; x_wconf 80' lang='lat' dir='ltr'><strong>omnes</strong></span> <span class='ocrx_word' id='word_1_136' title='bbox 2269 1761 2376 1820; x_wconf 87' lang='lat' dir='ltr'><strong>illo</strong></span> <span class='ocrx_word' id='word_1_137' title='bbox 2433 1761 2510 1820; x_wconf 83' lang='lat' dir='ltr'><strong>ad</strong></span> 
     </span>
     <span class='ocr_line' id='line_1_20' title="bbox 500 1849 2508 1927; baseline -0 -16"><span class='ocrx_word' id='word_1_138' title='bbox 500 1854 877 1912; x_wconf 87' lang='lat' dir='ltr'><strong>munitionem</strong></span> <span class='ocrx_word' id='word_1_139' title='bbox 904 1851 1105 1927; x_wconf 82' lang='lat' dir='ltr'><strong>copiae</strong></span> <span class='ocrx_word' id='word_1_140' title='bbox 1134 1849 1546 1910; x_wconf 85' lang='lat' dir='ltr'><strong>traducuntur.</strong></span> <span class='ocrx_word' id='word_1_141' title='bbox 1609 1849 1822 1908; x_wconf 75' lang='lat' dir='ltr'><strong>Vacua</strong></span> <span class='ocrx_word' id='word_1_142' title='bbox 1849 1859 2044 1908; x_wconf 74' lang='lat' dir='ltr'><strong>castre</strong></span> <span class='ocrx_word' id='word_1_143' title='bbox 2071 1849 2324 1908; x_wconf 83' lang='lat' dir='ltr'><strong>hostium</strong></span> <span class='ocrx_word' id='word_1_144' title='bbox 2353 1851 2508 1910; x_wconf 87' lang='lat' dir='ltr'><strong>Cae-</strong></span> 
     </span>
     <span class='ocr_line' id='line_1_21' title="bbox 498 1941 2512 2019; baseline -0.001 -17"><span class='ocrx_word' id='word_1_145' title='bbox 498 1959 598 2002; x_wconf 77' lang='lat' dir='ltr'><strong>ssr</strong></span> <span class='ocrx_word' id='word_1_146' title='bbox 624 1942 1009 2018; x_wconf 70' lang='lat' dir='ltr'><strong>conspicatus,</strong></span> <span class='ocrx_word' id='word_1_147' title='bbox 1036 1941 1205 1998; x_wconf 86' lang='lat' dir='ltr'><strong>tectis</strong></span> <span class='ocrx_word' id='word_1_148' title='bbox 1232 1941 1558 2017; x_wconf 79' lang='lat' dir='ltr'><strong>insignibus</strong></span> <span class='ocrx_word' id='word_1_149' title='bbox 1585 1957 1842 2009; x_wconf 83' lang='lat' dir='ltr'><strong>suorum,</strong></span> <span class='ocrx_word' id='word_1_150' title='bbox 1864 1941 2290 2017; x_wconf 78' lang='lat' dir='ltr'><strong>occultatisque</strong></span> <span class='ocrx_word' id='word_1_151' title='bbox 2315 1943 2512 2019; x_wconf 87' lang='lat' dir='ltr'><strong>signis</strong></span> 
     </span>
     <span class='ocr_line' id='line_1_22' title="bbox 500 2029 2508 2106; baseline 0 -18"><span class='ocrx_word' id='word_1_152' title='bbox 500 2031 867 2101; x_wconf 88' lang='lat' dir='ltr'><strong>militaribus,</strong></span> <span class='ocrx_word' id='word_1_153' title='bbox 911 2047 1073 2088; x_wconf 85' lang='lat' dir='ltr'><strong>raros</strong></span> <span class='ocrx_word' id='word_1_154' title='bbox 1116 2029 1349 2099; x_wconf 85' lang='lat' dir='ltr'><strong>milites,</strong></span> <span class='ocrx_word' id='word_1_155' title='bbox 1391 2047 1466 2086; x_wconf 88' lang='lat' dir='ltr'><strong>ne</strong></span> <span class='ocrx_word' id='word_1_156' title='bbox 1513 2047 1587 2087; x_wconf 78' lang='lat' dir='ltr'><strong>ex</strong></span> <span class='ocrx_word' id='word_1_157' title='bbox 1631 2029 1838 2106; x_wconf 86' lang='lat' dir='ltr'><strong>oppido</strong></span> <span class='ocrx_word' id='word_1_158' title='bbox 1881 2029 2508 2103; x_wconf 72' lang='lat' dir='ltr'><strong>animadverterentur,</strong></span> 
     </span>
     <span class='ocr_line' id='line_1_23' title="bbox 394 2115 2512 2199; baseline 0.001 -20"><span class='ocrx_word' id='word_1_159' title='bbox 394 2129 479 2189; x_wconf 67' lang='lat' dir='ltr'><strong>zo</strong></span> <span class='ocrx_word' id='word_1_160' title='bbox 502 2138 576 2179; x_wconf 85' lang='lat' dir='ltr'><strong>ex</strong></span> <span class='ocrx_word' id='word_1_161' title='bbox 624 2121 939 2196; x_wconf 86' lang='lat' dir='ltr'><strong>majoribus</strong></span> <span class='ocrx_word' id='word_1_162' title='bbox 986 2120 1197 2179; x_wconf 76' lang='lat' dir='ltr'><strong>cestris</strong></span> <span class='ocrx_word' id='word_1_163' title='bbox 1244 2120 1305 2178; x_wconf 85' lang='lat' dir='ltr'><strong>in</strong></span> <span class='ocrx_word' id='word_1_164' title='bbox 1354 2120 1580 2178; x_wconf 82' lang='lat' dir='ltr'><strong>minora</strong></span> <span class='ocrx_word' id='word_1_165' title='bbox 1625 2115 1916 2193; x_wconf 60' lang='lat' dir='ltr'><strong>traducit,</strong></span> <span class='ocrx_word' id='word_1_166' title='bbox 1963 2121 2306 2199; x_wconf 73' lang='lat' dir='ltr'><strong>legatisque,</strong></span> <span class='ocrx_word' id='word_1_167' title='bbox 2357 2141 2512 2199; x_wconf 83' lang='lat' dir='ltr'><strong>quos</strong></span> 
     </span>
     <span class='ocr_line' id='line_1_24' title="bbox 498 2208 2512 2288; baseline 0.002 -21"><span class='ocrx_word' id='word_1_168' title='bbox 498 2211 747 2287; x_wconf 84' lang='lat' dir='ltr'><strong>singulis</strong></span> <span class='ocrx_word' id='word_1_169' title='bbox 788 2210 1115 2288; x_wconf 79' lang='lat' dir='ltr'><strong>legionibus</strong></span> <span class='ocrx_word' id='word_1_170' title='bbox 1162 2208 1544 2286; x_wconf 74' lang='lat' dir='ltr'><strong>praefecerat,</strong></span> <span class='ocrx_word' id='word_1_171' title='bbox 1573 2210 1712 2285; x_wconf 90' lang='lat' dir='ltr'><strong>quid</strong></span> <span class='ocrx_word' id='word_1_172' title='bbox 1753 2210 1882 2269; x_wconf 83' lang='lat' dir='ltr'><strong>fieri</strong></span> <span class='ocrx_word' id='word_1_173' title='bbox 1911 2211 2069 2281; x_wconf 81' lang='lat' dir='ltr'><strong>velit,</strong></span> <span class='ocrx_word' id='word_1_174' title='bbox 2111 2212 2402 2270; x_wconf 75' lang='lat' dir='ltr'><strong>ostendit:</strong></span> <span class='ocrx_word' id='word_1_175' title='bbox 2441 2214 2512 2272; x_wconf 87' lang='lat' dir='ltr'><strong>in</strong></span> 
     </span>
     <span class='ocr_line' id='line_1_25' title="bbox 502 2300 2514 2385; baseline 0 -26"><span class='ocrx_word' id='word_1_176' title='bbox 502 2301 706 2379; x_wconf 83' lang='lat' dir='ltr'><strong>primis</strong></span> <span class='ocrx_word' id='word_1_177' title='bbox 732 2310 941 2370; x_wconf 88' lang='lat' dir='ltr'><strong>monet,</strong></span> <span class='ocrx_word' id='word_1_178' title='bbox 972 2310 1039 2359; x_wconf 85' lang='lat' dir='ltr'><strong>ut</strong></span> <span class='ocrx_word' id='word_1_179' title='bbox 1068 2301 1410 2385; x_wconf 67' lang='lat' dir='ltr'><strong>pontineant</strong></span> <span class='ocrx_word' id='word_1_180' title='bbox 1450 2300 1684 2369; x_wconf 78' lang='lat' dir='ltr'><strong>milites,</strong></span> <span class='ocrx_word' id='word_1_181' title='bbox 1711 2318 1788 2358; x_wconf 90' lang='lat' dir='ltr'><strong>ne</strong></span> <span class='ocrx_word' id='word_1_182' title='bbox 1825 2301 2014 2359; x_wconf 85' lang='lat' dir='ltr'><strong>studio</strong></span> <span class='ocrx_word' id='word_1_183' title='bbox 2055 2301 2369 2379; x_wconf 78' lang='lat' dir='ltr'><strong>pugnandi,</strong></span> <span class='ocrx_word' id='word_1_184' title='bbox 2399 2312 2514 2361; x_wconf 82' lang='lat' dir='ltr'><strong>aut</strong></span> 
     </span>
     <span class='ocr_line' id='line_1_26' title="bbox 502 2389 2516 2469; baseline 0.002 -22"><span class='ocrx_word' id='word_1_185' title='bbox 502 2410 603 2469; x_wconf 87' lang='lat' dir='ltr'><strong>spe</strong></span> <span class='ocrx_word' id='word_1_186' title='bbox 632 2391 901 2467; x_wconf 80' lang='lat' dir='ltr'><strong>praedae,</strong></span> <span class='ocrx_word' id='word_1_187' title='bbox 923 2390 1154 2467; x_wconf 86' lang='lat' dir='ltr'><strong>longius</strong></span> <span class='ocrx_word' id='word_1_188' title='bbox 1182 2389 1665 2465; x_wconf 76' lang='lat' dir='ltr'><strong>progrediantur:</strong></span> <span class='ocrx_word' id='word_1_189' title='bbox 1691 2390 1832 2466; x_wconf 86' lang='lat' dir='ltr'><strong>quid</strong></span> <span class='ocrx_word' id='word_1_190' title='bbox 1861 2391 2135 2467; x_wconf 84' lang='lat' dir='ltr'><strong>iniquitas</strong></span> <span class='ocrx_word' id='word_1_191' title='bbox 2156 2391 2270 2450; x_wconf 89' lang='lat' dir='ltr'><strong>loci</strong></span> <span class='ocrx_word' id='word_1_192' title='bbox 2293 2392 2516 2451; x_wconf 72' lang='lat' dir='ltr'><strong>habeat</strong></span> 
     </span>
     <span class='ocr_line' id='line_1_27' title="bbox 503 2479 2512 2557; baseline 0.002 -20"><span class='ocrx_word' id='word_1_193' title='bbox 503 2480 865 2547; x_wconf 81' lang='lat' dir='ltr'><strong>incommodi,</strong></span> <span class='ocrx_word' id='word_1_194' title='bbox 896 2480 1189 2556; x_wconf 81' lang='lat' dir='ltr'><strong>proponit:</strong></span> <span class='ocrx_word' id='word_1_195' title='bbox 1233 2479 1345 2537; x_wconf 86' lang='lat' dir='ltr'><strong>hoe</strong></span> <span class='ocrx_word' id='word_1_196' title='bbox 1389 2496 1512 2536; x_wconf 80' lang='lat' dir='ltr'><strong>una</strong></span> <span class='ocrx_word' id='word_1_197' title='bbox 1551 2479 1852 2537; x_wconf 86' lang='lat' dir='ltr'><strong>celeritate</strong></span> <span class='ocrx_word' id='word_1_198' title='bbox 1885 2500 2050 2557; x_wconf 84' lang='lat' dir='ltr'><strong>posse</strong></span> <span class='ocrx_word' id='word_1_199' title='bbox 2081 2482 2292 2539; x_wconf 83' lang='lat' dir='ltr'><strong>vitari:</strong></span> <span class='ocrx_word' id='word_1_200' title='bbox 2335 2500 2512 2541; x_wconf 81' lang='lat' dir='ltr'><strong>occa-</strong></span> 
     </span>
     <span class='ocr_line' id='line_1_28' title="bbox 396 2568 2514 2649; baseline 0 -20"><span class='ocrx_word' id='word_1_201' title='bbox 396 2582 479 2637; x_wconf 69' lang='lat'><strong>25</strong></span> <span class='ocrx_word' id='word_1_202' title='bbox 504 2570 679 2629; x_wconf 86' lang='lat' dir='ltr'><strong>sionis</strong></span> <span class='ocrx_word' id='word_1_203' title='bbox 726 2588 857 2628; x_wconf 84' lang='lat' dir='ltr'><strong>esse</strong></span> <span class='ocrx_word' id='word_1_204' title='bbox 905 2586 1047 2639; x_wconf 87' lang='lat' dir='ltr'><strong>rem,</strong></span> <span class='ocrx_word' id='word_1_205' title='bbox 1090 2586 1205 2625; x_wconf 88' lang='lat' dir='ltr'><strong>non</strong></span> <span class='ocrx_word' id='word_1_206' title='bbox 1253 2568 1480 2645; x_wconf 86' lang='lat' dir='ltr'><strong>proelii.</strong></span> <span class='ocrx_word' id='word_1_207' title='bbox 1565 2568 1678 2627; x_wconf 87' lang='lat' dir='ltr'><strong>His</strong></span> <span class='ocrx_word' id='word_1_208' title='bbox 1721 2570 1896 2628; x_wconf 85' lang='lat' dir='ltr'><strong>rebus</strong></span> <span class='ocrx_word' id='word_1_209' title='bbox 1936 2572 2225 2648; x_wconf 84' lang='lat' dir='ltr'><strong>expositis,</strong></span> <span class='ocrx_word' id='word_1_210' title='bbox 2268 2573 2514 2649; x_wconf 87' lang='lat' dir='ltr'><strong>signum</strong></span> 
     </span>
     <span class='ocr_line' id='line_1_29' title="bbox 502 2658 2516 2738; baseline 0.001 -19"><span class='ocrx_word' id='word_1_211' title='bbox 502 2658 619 2729; x_wconf 81' lang='lat' dir='ltr'><strong>dat,</strong></span> <span class='ocrx_word' id='word_1_212' title='bbox 646 2669 705 2718; x_wconf 87' lang='lat' dir='ltr'><strong>et</strong></span> <span class='ocrx_word' id='word_1_213' title='bbox 730 2660 807 2717; x_wconf 77' lang='lat' dir='ltr'><strong>ab</strong></span> <span class='ocrx_word' id='word_1_214' title='bbox 834 2659 1075 2719; x_wconf 80' lang='lat' dir='ltr'><strong>dextera</strong></span> <span class='ocrx_word' id='word_1_215' title='bbox 1100 2668 1263 2736; x_wconf 85' lang='lat' dir='ltr'><strong>parte</strong></span> <span class='ocrx_word' id='word_1_216' title='bbox 1292 2658 1410 2720; x_wconf 88' lang='lat' dir='ltr'><strong>alio</strong></span> <span class='ocrx_word' id='word_1_217' title='bbox 1439 2676 1690 2717; x_wconf 86' lang='lat' dir='ltr'><strong>ascensu</strong></span> <span class='ocrx_word' id='word_1_218' title='bbox 1731 2658 1930 2719; x_wconf 90' lang='lat' dir='ltr'><strong>eodem</strong></span> <span class='ocrx_word' id='word_1_219' title='bbox 1979 2671 2234 2738; x_wconf 87' lang='lat' dir='ltr'><strong>tempore</strong></span> <span class='ocrx_word' id='word_1_220' title='bbox 2263 2662 2516 2721; x_wconf 84' lang='lat' dir='ltr'><strong>Aeduos</strong></span> 
     </span>
     <span class='ocr_line' id='line_1_30' title="bbox 504 2750 2020 2807; baseline 0 0"><span class='ocrx_word' id='word_1_221' title='bbox 504 2750 693 2807; x_wconf 82' lang='lat' dir='ltr'><strong>mittit.</strong></span> <span class='ocrx_word' id='word_1_222' title='bbox 2012 2774 2020 2782; x_wconf 95' lang='lat'><em>·</em></span> 
     </span>
     <span class='ocr_line' id='line_1_31' title="bbox 586 2838 2510 2916; baseline 0.001 -19"><span class='ocrx_word' id='word_1_223' title='bbox 586 2838 807 2898; x_wconf 84' lang='lat' dir='ltr'><strong>XLVI.</strong></span> <span class='ocrx_word' id='word_1_224' title='bbox 854 2838 1065 2915; x_wconf 87' lang='lat' dir='ltr'><strong>Oppidi</strong></span> <span class='ocrx_word' id='word_1_225' title='bbox 1114 2856 1320 2897; x_wconf 86' lang='lat' dir='ltr'><strong>murus</strong></span> <span class='ocrx_word' id='word_1_226' title='bbox 1363 2838 1438 2896; x_wconf 84' lang='lat' dir='ltr'><strong>ab</strong></span> <span class='ocrx_word' id='word_1_227' title='bbox 1477 2839 1718 2915; x_wconf 84' lang='lat' dir='ltr'><strong>planitie</strong></span> <span class='ocrx_word' id='word_1_228' title='bbox 1765 2849 1942 2916; x_wconf 79' lang='lat' dir='ltr'><strong>atque</strong></span> <span class='ocrx_word' id='word_1_229' title='bbox 1991 2841 2161 2899; x_wconf 83' lang='lat' dir='ltr'><strong>initio</strong></span> <span class='ocrx_word' id='word_1_230' title='bbox 2207 2860 2510 2913; x_wconf 82' lang='lat' dir='ltr'><strong>ascensus,</strong></span> 
     </span>
     <span class='ocr_line' id='line_1_32' title="bbox 506 2927 2514 3008; baseline 0.003 -25"><span class='ocrx_word' id='word_1_231' title='bbox 506 2938 665 2987; x_wconf 86' lang='lat' dir='ltr'><strong>recta</strong></span> <span class='ocrx_word' id='word_1_232' title='bbox 696 2930 948 3006; x_wconf 84' lang='lat' dir='ltr'><strong>regione,</strong></span> <span class='ocrx_word' id='word_1_233' title='bbox 993 2930 1045 2985; x_wconf 87' lang='lat' dir='ltr'><strong>si</strong></span> <span class='ocrx_word' id='word_1_234' title='bbox 1086 2928 1288 2985; x_wconf 86' lang='lat' dir='ltr'><strong>nullus</strong></span> <span class='ocrx_word' id='word_1_235' title='bbox 1330 2927 1652 2987; x_wconf 81' lang='lat' dir='ltr'><strong>amfractus</strong></span> <span class='ocrx_word' id='word_1_236' title='bbox 1695 2930 2098 3000; x_wconf 82' lang='lat' dir='ltr'><strong>intercederet,</strong></span> <span class='ocrx_word' id='word_1_237' title='bbox 2140 2948 2254 2989; x_wconf 69' lang='lat' dir='ltr'><strong>mcc</strong></span> <span class='ocrx_word' id='word_1_238' title='bbox 2299 2950 2514 3008; x_wconf 85' lang='lat' dir='ltr'><strong>passus</strong></span> 
     </span>
     <span class='ocr_line' id='line_1_33' title="bbox 400 3016 2512 3093; baseline 0 -16"><span class='ocrx_word' id='word_1_239' title='bbox 400 3026 481 3085; x_wconf 59' lang='grc' dir='ltr'><strong>ὀ</strong></span> <span class='ocrx_word' id='word_1_240' title='bbox 506 3018 725 3077; x_wconf 73' lang='lat' dir='ltr'><strong>eberat.</strong></span> <span class='ocrx_word' id='word_1_241' title='bbox 824 3016 1127 3093; x_wconf 81' lang='lat' dir='ltr'><strong>Quidquid</strong></span> <span class='ocrx_word' id='word_1_242' title='bbox 1182 3018 1323 3075; x_wconf 88' lang='lat' dir='ltr'><strong>huic</strong></span> <span class='ocrx_word' id='word_1_243' title='bbox 1379 3019 1664 3077; x_wconf 80' lang='lat' dir='ltr'><strong>circuitus</strong></span> <span class='ocrx_word' id='word_1_244' title='bbox 1719 3018 1793 3075; x_wconf 82' lang='lat' dir='ltr'><strong>ad</strong></span> <span class='ocrx_word' id='word_1_245' title='bbox 1849 3017 2228 3077; x_wconf 85' lang='lat' dir='ltr'><strong>molliendum</strong></span> <span class='ocrx_word' id='word_1_246' title='bbox 2281 3021 2512 3079; x_wconf 84' lang='lat' dir='ltr'><strong>clivum</strong></span> 
     </span>
     <span class='ocr_line' id='line_1_34' title="bbox 506 3106 2514 3185; baseline 0.001 -20"><span class='ocrx_word' id='word_1_247' title='bbox 506 3117 851 3177; x_wconf 70' lang='lat' dir='ltr'><strong>aceesoerat,</strong></span> <span class='ocrx_word' id='word_1_248' title='bbox 880 3106 939 3164; x_wconf 91' lang='lat' dir='ltr'><strong>id</strong></span> <span class='ocrx_word' id='word_1_249' title='bbox 966 3108 1219 3183; x_wconf 85' lang='lat' dir='ltr'><strong>spatium</strong></span> <span class='ocrx_word' id='word_1_250' title='bbox 1260 3107 1487 3165; x_wconf 85' lang='lat' dir='ltr'><strong>itineris</strong></span> <span class='ocrx_word' id='word_1_251' title='bbox 1515 3109 1786 3185; x_wconf 79' lang='lat' dir='ltr'><strong>sugebat.</strong></span> <span class='ocrx_word' id='word_1_252' title='bbox 1872 3110 1958 3165; x_wconf 89' lang='lat' dir='ltr'><strong>At</strong></span> <span class='ocrx_word' id='word_1_253' title='bbox 1986 3109 2174 3167; x_wconf 81' lang='lat' dir='ltr'><strong>medio</strong></span> <span class='ocrx_word' id='word_1_254' title='bbox 2203 3108 2328 3168; x_wconf 82' lang='lat' dir='ltr'><strong>fere</strong></span> <span class='ocrx_word' id='word_1_255' title='bbox 2355 3111 2514 3169; x_wconf 88' lang='lat' dir='ltr'><strong>colle</strong></span> 
     </span>
     <span class='ocr_line' id='line_1_35' title="bbox 505 3196 2514 3275; baseline 0.001 -20"><span class='ocrx_word' id='word_1_256' title='bbox 505 3197 565 3255; x_wconf 81' lang='lat' dir='ltr'><strong>in</strong></span> <span class='ocrx_word' id='word_1_257' title='bbox 596 3196 1029 3275; x_wconf 81' lang='lat' dir='ltr'><strong>longitudinem,</strong></span> <span class='ocrx_word' id='word_1_258' title='bbox 1060 3206 1123 3255; x_wconf 92' lang='lat' dir='ltr'><strong>ut</strong></span> <span class='ocrx_word' id='word_1_259' title='bbox 1150 3205 1362 3255; x_wconf 77' lang='lat' dir='ltr'><strong>natura.</strong></span> <span class='ocrx_word' id='word_1_260' title='bbox 1389 3198 1598 3255; x_wconf 86' lang='lat' dir='ltr'><strong>montis</strong></span> <span class='ocrx_word' id='word_1_261' title='bbox 1629 3196 1866 3268; x_wconf 83' lang='lat' dir='ltr'><strong>ferebat,</strong></span> <span class='ocrx_word' id='word_1_262' title='bbox 1897 3218 1972 3255; x_wconf 84' lang='lat' dir='ltr'><strong>ex</strong></span> <span class='ocrx_word' id='word_1_263' title='bbox 2001 3199 2322 3275; x_wconf 83' lang='lat' dir='ltr'><strong>grandibus</strong></span> <span class='ocrx_word' id='word_1_264' title='bbox 2349 3202 2514 3258; x_wconf 83' lang='lat' dir='ltr'><strong>saxis</strong></span> 
     </span>
     <span class='ocr_line' id='line_1_36' title="bbox 505 3282 2510 3365; baseline 0.001 -22"><span class='ocrx_word' id='word_1_265' title='bbox 505 3304 608 3343; x_wconf 85' lang='lat' dir='ltr'><strong>sex</strong></span> <span class='ocrx_word' id='word_1_266' title='bbox 655 3286 865 3362; x_wconf 84' lang='lat' dir='ltr'><strong>pedum</strong></span> <span class='ocrx_word' id='word_1_267' title='bbox 914 3304 1167 3356; x_wconf 84' lang='lat' dir='ltr'><strong>murum,</strong></span> <span class='ocrx_word' id='word_1_268' title='bbox 1197 3287 1299 3362; x_wconf 90' lang='lat' dir='ltr'><strong>qui</strong></span> <span class='ocrx_word' id='word_1_269' title='bbox 1340 3296 1668 3345; x_wconf 82' lang='lat' dir='ltr'><strong>nostrorum</strong></span> <span class='ocrx_word' id='word_1_270' title='bbox 1709 3288 1992 3365; x_wconf 86' lang='lat' dir='ltr'><strong>impetum</strong></span> <span class='ocrx_word' id='word_1_271' title='bbox 2032 3288 2310 3358; x_wconf 74' lang='lat' dir='ltr'><strong>tardaret,</strong></span> <span class='ocrx_word' id='word_1_272' title='bbox 2340 3282 2510 3365; x_wconf 79' lang='lat' dir='ltr'><strong>prae·</strong></span> 
     </span>
     <span class='ocr_line' id='line_1_37' title="bbox 506 3374 2510 3453; baseline 0 -18"><span class='ocrx_word' id='word_1_273' title='bbox 506 3374 793 3435; x_wconf 78' lang='lat' dir='ltr'><strong>duxerant</strong></span> <span class='ocrx_word' id='word_1_274' title='bbox 838 3376 1017 3446; x_wconf 84' lang='lat' dir='ltr'><strong>Galli,</strong></span> <span class='ocrx_word' id='word_1_275' title='bbox 1062 3386 1254 3452; x_wconf 87' lang='lat' dir='ltr'><strong>atque,</strong></span> <span class='ocrx_word' id='word_1_276' title='bbox 1292 3374 1565 3433; x_wconf 80' lang='lat' dir='ltr'><strong>inferiore</strong></span> <span class='ocrx_word' id='word_1_277' title='bbox 1613 3378 1770 3433; x_wconf 87' lang='lat' dir='ltr'><strong>omni</strong></span> <span class='ocrx_word' id='word_1_278' title='bbox 1803 3379 2002 3453; x_wconf 77' lang='lat' dir='ltr'><strong>spatio</strong></span> <span class='ocrx_word' id='word_1_279' title='bbox 2051 3394 2240 3436; x_wconf 82' lang='lat' dir='ltr'><strong>vacuo</strong></span> <span class='ocrx_word' id='word_1_280' title='bbox 2283 3380 2510 3449; x_wconf 80' lang='lat' dir='ltr'><strong>relicto,</strong></span> 
     </span>
     <span class='ocr_line' id='line_1_38' title="bbox 402 3464 2514 3549; baseline 0 -24"><span class='ocrx_word' id='word_1_281' title='bbox 402 3476 479 3533; x_wconf 65' lang='grc' dir='ltr'><strong>εὖ</strong></span> <span class='ocrx_word' id='word_1_282' title='bbox 504 3464 865 3541; x_wconf 82' lang='lat' dir='ltr'><strong>superiorem</strong></span> <span class='ocrx_word' id='word_1_283' title='bbox 895 3477 1115 3541; x_wconf 79' lang='lat' dir='ltr'><strong>partem</strong></span> <span class='ocrx_word' id='word_1_284' title='bbox 1144 3464 1311 3523; x_wconf 86' lang='lat' dir='ltr'><strong>collis</strong></span> <span class='ocrx_word' id='word_1_285' title='bbox 1338 3484 1526 3540; x_wconf 85' lang='lat' dir='ltr'><strong>usque</strong></span> <span class='ocrx_word' id='word_1_286' title='bbox 1555 3464 1627 3549; x_wconf 80' lang='lat' dir='ltr'><strong>ad</strong></span> <span class='ocrx_word' id='word_1_287' title='bbox 1657 3482 1893 3524; x_wconf 88' lang='lat' dir='ltr'><strong>murum</strong></span> <span class='ocrx_word' id='word_1_288' title='bbox 1919 3468 2110 3544; x_wconf 89' lang='lat' dir='ltr'><strong>oppidi</strong></span> <span class='ocrx_word' id='word_1_289' title='bbox 2147 3468 2514 3526; x_wconf 85' lang='lat' dir='ltr'><strong>densissimis</strong></span> 
     </span>
     <span class='ocr_line' id='line_1_39' title="bbox 504 3552 2512 3642; baseline -0.001 -29"><span class='ocrx_word' id='word_1_290' title='bbox 504 3554 713 3613; x_wconf 81' lang='lat' dir='ltr'><strong>castris</strong></span> <span class='ocrx_word' id='word_1_291' title='bbox 736 3555 1189 3630; x_wconf 72' lang='lat' dir='ltr'><strong>compleverant.</strong></span> <span class='ocrx_word' id='word_1_292' title='bbox 1276 3552 1510 3622; x_wconf 83' lang='lat' dir='ltr'><strong>Milites,</strong></span> <span class='ocrx_word' id='word_1_293' title='bbox 1531 3554 1674 3611; x_wconf 79' lang='lat' dir='ltr'><strong>dato</strong></span> <span class='ocrx_word' id='word_1_294' title='bbox 1705 3556 1890 3642; x_wconf 74' lang='lat' dir='ltr'><strong>signo,</strong></span> <span class='ocrx_word' id='word_1_295' title='bbox 1919 3556 2190 3615; x_wconf 85' lang='lat' dir='ltr'><strong>celeriter</strong></span> <span class='ocrx_word' id='word_1_296' title='bbox 2215 3558 2289 3614; x_wconf 79' lang='lat' dir='ltr'><strong>ad</strong></span> <span class='ocrx_word' id='word_1_297' title='bbox 2319 3559 2512 3617; x_wconf 83' lang='lat' dir='ltr'><strong>muni.</strong></span> 
     </span>
     <span class='ocr_line' id='line_1_40' title="bbox 504 3642 2510 3721; baseline 0.003 -23"><span class='ocrx_word' id='word_1_298' title='bbox 504 3642 717 3699; x_wconf 81' lang='lat' dir='ltr'><strong>tionem</strong></span> <span class='ocrx_word' id='word_1_299' title='bbox 740 3642 1103 3713; x_wconf 83' lang='lat' dir='ltr'><strong>perveniunt,</strong></span> <span class='ocrx_word' id='word_1_300' title='bbox 1122 3658 1370 3717; x_wconf 82' lang='lat' dir='ltr'><strong>eamque</strong></span> <span class='ocrx_word' id='word_1_301' title='bbox 1387 3645 1752 3717; x_wconf 80' lang='lat' dir='ltr'><strong>transgressi,</strong></span> <span class='ocrx_word' id='word_1_302' title='bbox 1771 3646 1938 3702; x_wconf 83' lang='lat' dir='ltr'><strong>trinis</strong></span> <span class='ocrx_word' id='word_1_303' title='bbox 1957 3647 2165 3703; x_wconf 83' lang='lat' dir='ltr'><strong>eastris</strong></span> <span class='ocrx_word' id='word_1_304' title='bbox 2187 3647 2510 3721; x_wconf 85' lang='lat' dir='ltr'><strong>potiuntur.</strong></span> 
     </span>
     <span class='ocr_line' id='line_1_41' title="bbox 506 3724 2512 3809; baseline 0.007 -30"><span class='ocrx_word' id='word_1_305' title='bbox 506 3725 605 3779; x_wconf 70' lang='lat' dir='ltr'><strong>Ac</strong></span> <span class='ocrx_word' id='word_1_306' title='bbox 647 3735 809 3781; x_wconf 78' lang='lat' dir='ltr'><strong>tanta</strong></span> <span class='ocrx_word' id='word_1_307' title='bbox 846 3724 957 3783; x_wconf 77' lang='lat' dir='ltr'><strong>suit</strong></span> <span class='ocrx_word' id='word_1_308' title='bbox 994 3728 1057 3783; x_wconf 86' lang='lat' dir='ltr'><strong>in</strong></span> <span class='ocrx_word' id='word_1_309' title='bbox 1098 3729 1398 3801; x_wconf 78' lang='lat' dir='ltr'><strong>capiendis</strong></span> <span class='ocrx_word' id='word_1_310' title='bbox 1437 3731 1646 3787; x_wconf 82' lang='lat' dir='ltr'><strong>castris</strong></span> <span class='ocrx_word' id='word_1_311' title='bbox 1685 3733 1977 3803; x_wconf 74' lang='lat' dir='ltr'><strong>celeritas,</strong></span> <span class='ocrx_word' id='word_1_312' title='bbox 2009 3744 2074 3792; x_wconf 88' lang='lat' dir='ltr'><strong>ut</strong></span> <span class='ocrx_word' id='word_1_313' title='bbox 2101 3734 2512 3809; x_wconf 80' lang='lat' dir='ltr'><strong>Teutomatus,</strong></span> 
     </span>
     <span class='ocr_line' id='line_1_42' title="bbox 506 3807 2516 3898; baseline 0.011 -36"><span class='ocrx_word' id='word_1_314' title='bbox 506 3814 617 3863; x_wconf 67' lang='lat' dir='ltr'><strong>taz·</strong></span> <span class='ocrx_word' id='word_1_315' title='bbox 658 3807 1075 3887; x_wconf 77' lang='lat' dir='ltr'><strong>Nitiolm‘gum,</strong></span> <span class='ocrx_word' id='word_1_316' title='bbox 1102 3813 1294 3871; x_wconf 82' lang='lat' dir='ltr'><strong>subito</strong></span> <span class='ocrx_word' id='word_1_317' title='bbox 1316 3816 1380 3871; x_wconf 88' lang='lat' dir='ltr'><strong>in</strong></span> <span class='ocrx_word' id='word_1_318' title='bbox 1406 3817 1786 3877; x_wconf 68' lang='lat' dir='ltr'><strong>tabernaculo</strong></span> <span class='ocrx_word' id='word_1_319' title='bbox 1811 3838 2140 3898; x_wconf 80' lang='lat' dir='ltr'><strong>oppressus,</strong></span> <span class='ocrx_word' id='word_1_320' title='bbox 2171 3834 2236 3883; x_wconf 87' lang='lat' dir='ltr'><strong>ut</strong></span> <span class='ocrx_word' id='word_1_321' title='bbox 2261 3825 2516 3887; x_wconf 83' lang='lat' dir='ltr'><strong>meridie</strong></span> 
     </span>
    </p>
   </div>
  </div>
 </body>
</html>
