2709 4300
245 313 360 361 eu.
375 313 558 370 amm
1041 313 1236 393 unna
1269 315 1529 364 Ριιιιωε.
2238 306 2325 366 m

239 450 462 520 habita,
493 447 807 508 concilimn
831 449 1065 508 dimisit.
1112 449 1230 524 OEt
1253 452 1579 512 seeundum
1618 471 1693 512 ea
1716 451 1935 512 multae
1964 469 2059 511 ree
2082 469 2222 510 eum

241 539 638 608 hortabantur,
669 557 852 614 quare
879 540 990 596 sibi
1017 559 1146 598 eam
1175 559 1299 598 rem
1325 541 1693 618 cogitandam
1710 551 1771 600 et
1796 542 2221 618 suscipiendam

241 637 522 704 putaret,
501 647 516 662 ·
561 629 624 686 in
659 629 879 704 primis,
921 629 1076 704 quod
1117 630 1375 700 Aeduos,
1405 629 1613 689 fratres
1650 632 2221 708 consanguineosque

237 735 664 793 saepenumero
690 716 768 774 ab
795 717 1016 776 Senatu
1057 719 1391 794 appellatos,
1418 720 1476 776 in
1518 721 1797 778 servitute
1838 730 2011 795 atque
2037 721 2097 776 in
2136 719 2219 777 di.

239 807 398 865 tione
425 806 654 864 videbat
672 805 1098 868 Germanorum
1115 809 1313 877 teneri,
1333 825 1647 884 eorumque
1666 807 1891 868 obsides
1910 827 2037 866 eme
2064 807 2219 884 apud
2244 814 2283 872 θ

239 897 606 954 Ariovistum
635 915 706 954 ac
733 896 1034 972 Sequanos
1057 898 1453 988 intelligebat:
1494 898 1665 974 quod,
1696 900 1761 958 in
1796 908 1957 956 tanto
1980 899 2223 974 imperio

237 983 450 1060 Populi
463 985 754 1073 hmani,
789 965 1188 1062 turpissimum
1209 988 1322 1044 sibi
1345 997 1403 1046 et
1420 987 1797 1062 Reipublicae
1824 1007 1953 1046 esee
1980 989 2218 1046 arbitra·

239 1059 478 1142 batn&
545 1073 836 1132 Paulatim
889 1084 1084 1132 autem
1139 1075 1465 1138 Germanos
1510 1095 1893 1134 consuescere
1948 1076 2220 1134 Rhenum

237 1162 505 1231 transire,
535 1171 594 1220 et
621 1163 684 1219 in
715 1163 970 1220 Galliam
997 1183 1270 1240 magnam
1297 1183 1501 1222 eorum
1536 1165 1962 1222 multitudinem
2000 1165 2218 1236 venire,

239 1251 464 1327 Populo
511 1251 774 1311 Romano
822 1253 1208 1326 periculosum
1255 1253 1519 1312 videbat:
1568 1270 1757 1329 neque
1806 1255 1914 1312 sibi
1961 1254 2219 1312 homines
2250 1259 2323 1316 10

233 1338 396 1404 feros
441 1359 523 1398 -ac
576 1340 854 1400 barbaros
906 1350 1324 1416 temperaturos
1386 1342 1765 1410 existimabat,
1820 1343 1981 1417 quin,
2036 1361 2219 1418 quum

234 1447 470 1486 emnem
525 1428 784 1488 Galliam
833 1440 1231 1504 occupassent,
1255 1477 1264 1487 .
1289 1439 1352 1488 ut
1408 1440 1541 1489 ante
1592 1429 1813 1487 Cimbri
1854 1429 2219 1506 Teutonique

239 1517 532 1587 fecissent,
583 1519 644 1576 in
673 1518 1038 1579 Provinciam
1077 1521 1318 1588 exirent,
1362 1528 1535 1594 atque
1562 1519 1695 1576 inde
1734 1520 1795 1580 in
1832 1518 2061 1578 Italiam
2086 1538 2217 1578 eon-

236 1606 575 1679 tenderent‘;
622 1609 960 1683 praesertim
1005 1627 1190 1683 quum
1237 1607 1539 1683 Sequanos
1586 1627 1623 1664 a
1671 1607 1980 1666 Provincia
2024 1617 2221 1666 nostra

237 1697 558 1756 Rhodanus
585 1698 884 1758 dividerett
965 1697 1200 1762 Quibus
1224 1697 1403 1754 rebus
1428 1715 1607 1772 quam
1648 1698 1989 1756 maturrime
2014 1716 2216 1758 occur-
2248 1703 2323 1758 15

237 1786 486 1847 rendum
524 1788 779 1862 putabat.
865 1786 994 1863 Ipse
1037 1796 1234 1846 ante-m
1261 1786 1593 1847 Ariovistus
1618 1796 1805 1846 tantos
1830 1788 1939 1846 sibi
1964 1788 2217 1864 spiritus,

236 1883 460 1935 tantam
489 1877 876 1951 armgantiam
903 1885 1244 1952 sumpserat,
1276 1886 1339 1936 ut
1368 1875 1641 1936 ferendus
1667 1895 1781 1934 non
1810 1877 2126 1936 videretur.

323 1963 600 2024 XXXIV.
645 1965 1043 2034 Quamobrem
1085 1965 1304 2040 placuit
1345 1965 1419 2034 ei,
1466 1975 1530 2023 ut
1570 1965 1643 2024 ad
1673 1966 2033 2024 Ariovistum
2062 1968 2217 2045 lega.

237 2063 328 2113 tos
355 2055 620 2122 mitteret,
639 2054 742 2128 qui
769 2055 842 2111 ab
869 2073 938 2112 eo
965 2054 1336 2130 postularent,
1355 2055 1440 2114 uti
1468 2055 1721 2130 aliquem
1749 2055 1943 2114 locum
1964 2057 2218 2116 medium

239 2143 544 2219 utriusque
563 2142 850 2219 colloquio
865 2143 1116 2203 diceret:
1147 2143 1298 2205 velle
1313 2161 1445 2206 sese
1460 2144 1530 2203 de
1550 2144 1875 2221 Republica
1892 2156 1953 2205 et
1976 2147 2219 2205 summis
2240 2147 2323 2205 90

240 2234 546 2307 utriusque
571 2234 746 2291 rebus
773 2252 910 2291 cum
949 2254 1022 2291 eo
1061 2252 1257 2311 agere,
1341 2234 1419 2291 Ei
1448 2235 1719 2311 legationi
1761 2237 2091 2294 Ariovistus
2130 2253 2221 2293 re-

237 2322 502 2398 spondit:
545 2323 610 2381 Si
655 2323 794 2398 quid
841 2324 950 2397 ipsi
999 2342 1034 2379 a
1079 2323 1332 2381 Caesare
1380 2342 1533 2399 opus·
1568 2333 1737 2392 esset,
1778 2342 1907 2382 scae
1940 2324 2031 2394 ¹ad
2084 2342 2220 2390 eum

239 2423 554 2471 venturum
583 2412 798 2485 fuisse3
845 2414 894 2470 si
933 2413 1074 2488 quid
1114 2414 1216 2471 ille
1257 2432 1294 2471 a
1338 2432 1404 2471 se
1430 2413 1590 2482 velit,
1615 2413 1787 2470 illum
1812 2414 1887 2469 ad
1914 2432 1977 2469 se
2020 2415 2219 2472 venire

236 2512 516 2579 oportere.
597 2502 906 2561 Praeterea
953 2522 1015 2561 se
1063 2522 1253 2578 neque
1301 2504 1427 2565 sine
1474 2502 1735 2560 exercitu
1782 2502 1845 2559 in
1884 2520 1988 2559 eas
2027 2512 2221 2578 partes

239 2592 477 2649 Galliae
501 2592 700 2649 venire
729 2592 961 2661 andere,
992 2610 1138 2667 quas
1173 2592 1395 2649 Caesar
1434 2590 1781 2667 possideret3
1824 2608 2013 2666 neque
2054 2610 2217 2649 exer„
2240 2600 2321 2655 2⁸

238 2682 424 2739 citum
471 2681 594 2739 eine
643 2698 852 2756 magno
899 2690 1224 2739 commeatu
1273 2691 1449 2755 atque
1496 2680 1881 2737 emolumento
1926 2680 1987 2737 in
2036 2698 2220 2739 unum

239 2770 436 2829 locum
477 2771 816 2829 contrahere
857 2790 1058 2847 posse:
1099 2770 1208 2827 sibi
1257 2779 1455 2827 autem
1494 2769 1709 2827 mirum
1749 2767 1951 2837 videri,
1980 2768 2119 2844 quid
2158 2770 2220 2827 in

239 2878 350 2916 sua
406 2860 620 2929 Gallia,
677 2878 852 2935 quam
900 2861 1052 2917 bello
1100 2860 1350 2927 vicisset,
1404 2866 1505 2915 aut
1542 2856 1799 2927 Caesari,
1842 2866 1945 2915 aut
1988 2858 2220 2920 omnino

241 2948 460 3025 Populo
491 2948 752 3005 Romano
780 2950 992 3026 negotii
1019 2958 1190 3007 esset.

322 3037 576 3095 XXXV.
641 3038 754 3095 His
803 3039 1088 3114 responsis
1143 3036 1216 3095 ad
1261 3036 1575 3117 Caesarem
1622 3035 1837 3107 relatis,
1887 3037 2099 3096 iterum
2146 3036 2219 3094 ad
2244 3042 2323 3100 ΒΘ

239 3146 378 3206 eum
403 3128 624 3185 Caesar
649 3128 872 3203 legatos
897 3146 1035 3185 cum
1057 3128 1146 3185 his
1173 3126 1457 3185 mandatis
1478 3127 1681 3185 mittit:
1722 3126 2037 3196 Quoniam,
2062 3136 2221 3192 tanto

239 3236 348 3274 suo
376 3216 696 3293 Populique
725 3216 972 3275 Romani
1001 3216 1280 3285 beneficio
1317 3214 1587 3285 affectus,
1618 3234 1801 3291 quum
1828 3216 1887 3271 in
1914 3214 2220 3274 consulatu

239 3325 346 3363 suo
388 3323 492 3362 rex
535 3315 706 3380 atque
750 3306 975 3363 amicus
1015 3326 1052 3362 a
1091 3305 1310 3363 Senatu
1351 3304 1673 3381 appellatus
1712 3314 1881 3375 esset,
1922 3306 2075 3363 banc
2110 3305 2221 3363 sibi

241 3393 576 3470 Populoque
607 3394 870 3451 Romano
895 3395 1144 3471 gratiam
1171 3394 1433 3463 referret,
1464 3404 1529 3453 ut
1554 3395 1613 3451 in
1642 3394 1993 3470 colloquium
2020 3396 2219 3453 venire

239 3482 519 3540 invitatus
543 3492 906 3558 gravaretur,
935 3500 1124 3557 neque
1153 3482 1224 3539 de
1253 3483 1547 3540 communi
1590 3500 1653 3539 re
1690 3482 1999 3541 dicendum
2025 3484 2135 3541 sibi
2162 3492 2219 3543 et
2244 3492 2321 3549 86

239 3570 706 3646 cognoscendum
751 3581 1012 3648 putaret3
1059 3571 1206 3629 haec
1253 3588 1399 3639 esee,
1446 3589 1597 3645 quae
1642 3570 1715 3627 ab
1758 3590 1827 3628 eo
1870 3572 2215 3647 postularet:

240 3660 512 3735 primum,
541 3678 618 3719 ne
645 3678 822 3736 quam
843 3660 1270 3718 multitudinem
1299 3660 1593 3717 hominum
1614 3658 1862 3734 amplius
1886 3670 2047 3719 trane
2064 3661 2217 3719 Rbe-

237 3766 384 3807 num
411 3749 472 3805 in
501 3748 762 3807 Galliam
788 3748 1151 3808 traduceret:
1194 3748 1401 3808 deinde
1428 3747 1671 3817 obsides,
1700 3766 1843 3822 quos
1883 3748 2119 3809 haberet
2143 3750 2221 3807 ab

241 3838 488 3908 Aeduis,
537 3839 844 3911 redderetg
909 3838 1312 3915 Sequanisque
1368 3838 1739 3915 permitteret,
1797 3845 1879 3907 ut,
1932 3856 2079 3914 quoe
2130 3838 2219 3895 illi

1212 3936 1282 3991 3*
