2709 4300
196 281 307 328 (Συ.
325 285 399 338 Β,
412 281 507 336 8.]
966 281 1161 330 mult
1200 281 1536 330 summus,
2179 273 2303 330 lffi

196 419 691 497 cupiditatemque
738 420 992 478 militum
1041 421 1428 498 reprehendit,
1477 419 1628 497 quod
1675 419 1786 479 sibi
1827 420 1937 497 ipsi
1972 419 2198 496 judica-

198 513 435 582 vissent,
451 531 575 588 >quo
599 511 1047 589 procedendum,
1062 523 1168 571 aut
1194 511 1335 588 quid
1363 513 1656 590 agendum
1677 511 1988 582 videretur,
2007 531 2198 588 neque

196 603 368 680 signo
396 603 715 680 recipiendi
740 603 873 661 dato
901 604 1304 672 constitissent,
1332 621 1522 678 neque
1551 603 1626 661 ab
1653 604 1900 662 tribunis
1947 604 2210 662 militum*

196 693 525 770 legatisque
574 693 811 751 retineri
861 694 1211 770 potuissent:
1252 695 1528 770 exposito,
1577 693 1716 770 quid
1765 694 2042 770 iniquitas
2082 695 2198 754 loci

199 793 411 859 posset,
440 783 579 859 quid
606 785 729 860 ipse
758 783 831 840 ad
862 784 1189 842 Avaricum
1230 783 1522 854 sensisset,
1549 803 1752 860 quum,
1779 785 1907 844 sine
1947 783 2098 844 duce
2137 795 2198 844 et
2217 788 2256 844 5

198 873 330 930 sine
382 874 645 950 equitatu
704 873 1077 950 deprehensis
1148 873 1424 943 hostibus,
1479 873 1839 950 exploratam
1895 876 2198 934 victoriam

200 961 529 1032 dimisisset,
586 983 661 1022 ne
717 981 965 1040 parvum
1020 963 1185 1022 modo
1240 962 1650 1022 detrimentum
1705 965 1766 1024 in
1833 966 2200 1024 contentione

199 1062 436 1129 propter
488 1053 849 1130 iniquitatem
904 1053 1017 1110 loci
1074 1053 1382 1111 accideret.
1466 1054 1702 1119 Quanto
1753 1073 1926 1131 opere
1993 1073 2198 1114 eorum

200 1141 385 1198 animi
413 1143 871 1220 magnitudinem
898 1142 1303 1218 admiraretur,
1332 1163 1478 1219 quos
1505 1161 1620 1202 non
1649 1154 1972 1205 castrorum
2009 1146 2196 1204 muni-

199 1233 407 1302 tiones,
433 1251 549 1290 >non
578 1231 819 1291 altitudo
846 1233 1071 1302 montis,
1102 1251 1219 1291 non
1246 1251 1456 1292 murus
1481 1233 1672 1310 oppidi
1705 1233 1938 1292 tardare
1986 1235 2198 1312 potuis-
2222 1237 2305 1292 10

202 1331 329 1394 set3
401 1332 561 1380 tanto
612 1341 785 1400 opere
840 1322 1137 1382 licentiam
1192 1324 1700 1400 arrogantiamque
1757 1325 2198 1399 reprehendere,

202 1411 357 1488 quod
406 1413 539 1488 plus
586 1433 667 1483 se,
716 1431 891 1488 quam
938 1412 1366 1488 imperatorem,
1417 1411 1490 1468 de
1529 1413 1772 1470 victoria
1817 1423 1990 1488 atque
2037 1415 2201 1472 exitu

204 1519 405 1561 rerum
448 1504 667 1562 sentire
708 1501 1137 1560 existimarent:
1180 1521 1293 1560 nec
1338 1501 1532 1558 minus
1571 1520 1636 1558 se
1665 1502 1726 1558 in
1755 1501 1936 1559 milite
1977 1502 2198 1560 modes-

202 1593 347 1650 tiam
374 1602 433 1650 et
460 1593 889 1663 continentiam,
918 1592 1404 1668 quamvirtutem
1429 1599 1606 1666 atque
1635 1591 1812 1649 animi
1857 1592 2202 1670 magnitudi-

200 1701 347 1740 nem
369 1681 722 1740 desiderare.
2229 1685 2308 1738 15

285 1770 449 1829 LII-I.
493 1770 627 1830 Hac
670 1772 867 1830 habita
908 1772 1205 1842 concione,
1250 1779 1307 1830 et
1344 1769 1426 1839 nd
1469 1779 1798 1828 extremum
1847 1771 2207 1834 confirmatis

202 1860 505 1929 militibus,
550 1861 647 1918 Ne
674 1861 749 1918 ob
792 1861 945 1919 hanc
992 1879 1235 1920 causam
1258 1861 1482 1918 -animo
1527 1872 2020 1938 penncverentur‚
2067 1881 2202 1934 neu,

201 1951 357 2028 quod
402 1951 679 2028 iniquitas
717 1951 831 2008 loci
874 1950 1177 2021 attulisset,
1222 1951 1279 2008 id
1308 1951 1508 2010 virtuti
1547 1951 1798 2010 hostium
1839 1953 2158 2013 tribuerent
2181 1973 2212 2026 3-

200 2041 413 2100 eadem
456 2041 529 2098 de
569 2040 921 2118 profectione
962 2042 1241 2120 cogitans,
1268 2060 1424 2118 quae
1465 2049 1600 2100 ante
1636 2042 1916 2113 senserat,
1945 2043 2204 2122 legiones

201 2152 277 2189 ex
324 2132 535 2191 castris
572 2131 791 2202 eduxit,
832 2131 1137 2208 aciemque
1176 2131 1385 2191 idoneo
1425 2131 1554 2191 loco
1594 2133 1914 2203 constituit.
1999 2134 2204 2200 Quum
2223 2139 2307 2195 20

202 2222 655 2300 Vercingetorix
706 2222 1083 2283 nihilominus
1134 2222 1197 2281 in
1252 2240 1506 2299 aequum
1561 2222 1756 2281 locum
1805 2224 2198 2294 descenderet,-

203 2312 325 2371 levi
356 2311 509 2371 facto
534 2313 791 2389 equestri
819 2311 1051 2387 proelio,
1082 2322 1255 2388 atque
1280 2331 1351 2371 eo
1379 2312 1652 2382 secund0,
1669 2314 1732 2369 in
1757 2322 1952 2371 castra
1979 2315 2200 2371 exerci-

204 2412 331 2459 tum
384 2402 632 2462 reduxit.
714 2401 921 2467 Quum
962 2401 1073 2459 hoc
1110 2386 1265 2460 idem
1292 2410 1520 2477 postero
1545 2400 1638 2457 die
1669 2399 1918 2469 fecisset,
1949 2402 2088 2457 satis
2127 2401 2204 2459 ad

205 2492 504 2549 Gallicam
532 2492 963 2549 ostentationem
1006 2490 1380 2549 minuendam
1421 2490 1792 2565 militumque
1817 2490 2042 2547 animos
2067 2508 2202 2548 con.

202 2582 521 2639 firmandos
566 2579 785 2641 factum
830 2580 1187 2651 existimans,
1217 2582 1279 2638 in
1308 2580 1550 2639 Aeduos
1589 2588 1786 2638 castra
1825 2580 2022 2637 movit.
2107 2580 2204 2638 Ne
2229 2584 2310 2641 25

206 2671 595 2747 tumquidem
639 2671 917 2729 insecutis
960 2672 1237 2739 hostibus,
1266 2670 1436 2729 tertio
1473 2669 1568 2725 die
1610 2668 1684 2725 ad
1724 2668 1940 2725 flumen
1983 2668 2204 2727 Elaver

204 2771 439 2839 pontem
468 2760 687 2831 refecit,
718 2770 891 2837 atque
916 2762 1241 2819 exercitum
1270 2758 1546 2816 traduxit.

288 2849 455 2912 LIV.
499 2850 587 2909 Ibi
614 2870 651 2908 a
670 2850 1039 2909 Viridomaro
1066 2858 1239 2927 atque
1268 2837 1658 2927 Eporedorige
1688 2847 1918 2907 Aeduis
1949 2850 2204 2927 appella-

204 2952 320 3011 ωε,
365 2941 551 3010 discit,
594 2958 733 2998 cum
786 2942 943 2998 omni
988 2942 1247 3015 equitatu
1305 2938 1640 2997 Litavicum
1697 2937 1770 2997 ad
1818 2938 2208 2998 sollicitandos

206 3031 453 3089 Aeduos
481 3029 837 3107 profectum:
878 3049 1027 3107 opus
1054 3048 1181 3087 esse
1210 3038 1267 3087 et
1294 3029 1451 3107 ipsos
1489 3028 1840 3106 praecedere
1885 3028 1956 3087 ad
1999 3031 2203 3087 confir·
2233 3036 2326 3092 30·

208 3121 483 3181 mandam
502 3121 817 3179 civitatem.
902 3120 1031 3179 Etsi
1062 3120 1261 3177 multis
1282 3120 1406 3196 jam
1437 3118 1613 3180 rebus
1641 3118 1943 3197 perfidiam
1973 3119 2208 3177 Aeduo-

208 3232 345 3271 rum
392 3212 613 3269 Caesar
651 3220 1013 3289 perspectam
1052 3211 1319 3280 habebat,
1342 3220 1526 3288 ,atque
1569 3210 1777 3269 horum
1817 3210 2080 3271 discessu
2110 3210 2206 3267 ad-

208 3305 495 3363 maturari
536 3303 919 3363 defectionem
966 3303 1219 3361 civitatis
1264 3303 1675 3375 existimabat;
1717 3312 1914 3359 tamen
1957 3301 2208 3358 retinen-

210 3396 315 3453 dos
342 3414 445 3453 eos
471 3414 587 3452 nnn
624 3397 871 3465 censuit,
913 3414 989 3453 ne
1031 3404 1135 3454 aut
1172 3394 1388 3453 inferre
1429 3393 1708 3468 injuriam
1749 3392 2064 3461 videretur,
2108 3401 2210 3449 aut

210 3486 353 3543 dare
381 3486 603 3543 timoris
634 3486 892 3562 aliquam
926 3488 1333 3564 suspicionem.
1419 3483 1872 3541 Discedentibus
1900 3484 1994 3541 his
2020 3484 2206 3539 brevi·
2234 3482 2310 3533 35

210 3586 305 3634 ter
348 3594 459 3633 sua
494 3577 553 3633 in
584 3576 825 3635 Aeduos
868 3580 1075 3637 merita
1118 3576 1384 3651 exponit:
1427 3574 1594 3639 Quos
1635 3582 1694 3631 et
1735 3592 1914 3649 quam
1955 3572 2210 3631 humiles

218 3668 558 3743 accepisset,
608 3668 939 3743 compulsos
986 3669 1046 3723 in
1094 3665 1319 3743 oppida,
1377 3664 1654 3721 multatos
1707 3664 1884 3741 agris,
1939 3663 2210 3721 omnibus

217 3756 429 3833 ereptis
456 3758 659 3832 copiis,
690 3758 950 3832 imposito
990 3756 1289 3835 stipend10‚
1315 3754 1622 3813 obsidibus
1649 3774 1880 3813 summa
1907 3772 2046 3811 cum
2076 3772 2206 3811 con-

220 3844 463 3906 tumelia
490 3848 767 3920 extortis-5
810 3856 869 3904 et
886 3864 1063 3923 qnam
1092 3849 1153 3904 in
1192 3835 1498 3918 fortumm,
1527 3864 1822 3925 quamque
1851 3845 1912 3902 in
1941 3844 2208 3923 aniplitu-
