2709 4300
234 320 441 376 cmm,
462 322 555 374 ia]
1012 311 1206 368 mua
1238 318 1574 368 summus
2209 307 2330 372 183

235 461 376 535 ipse,
407 467 474 516 ut
500 458 933 534 quamprimum
973 457 1085 515 iter
1112 458 1346 528 faceret,
1391 458 1700 516 Genabum
1735 459 2058 518 Carnutum
2099 477 2224 537 pro-

232 549 541 618 ficiscitur,
592 548 693 623 qui
734 556 858 604 tum
904 548 1155 623 primum
1205 547 1382 605 allato
1427 548 1646 606 nuncio
1691 547 1762 606 de
1803 551 2226 626 oppugnatione

235 636 693 706 Vellaunoduni‚
722 650 905 712 quum
934 635 1167 712 longius
1206 655 1337 694 eam
1368 653 1490 694 rem
1529 637 1773 694 ductum
1819 638 1890 694 iri
1935 640 2224 698 existima-

235 735 382 795 rent,
434 725 786 802 praesidium
837 725 1065 783 Genabi
1114 725 1312 784 tuendi
1361 743 1559 796 causa,
1601 725 1753 802 qued
1799 745 1872 784 eo
1917 728 2224 798 mitterent,

232 815 670 890 comparabant.
722 813 897 872 ·Huc
947 815 1121 871 biduo
1162 815 1455 890 pervenit:
1519 817 1726 874 castris
1773 824 1906 874 ante
1953 818 2225 894 oppidum
2249 823 2290 878 6

234 905 450 981 positis,
494 905 607 962 diei
656 913 909 981 tempore
956 903 1251 974 exclusus,
1300 905 1362 960 in
1406 908 1698 980 posterum
1741 907 2226 983 oppugnationem

232 993 445 1063 differt,
476 1012 742 1070 quaeque
772 993 843 1050 ad
874 1011 1005 1050 eam
1034 1011 1157 1050 rem
1188 994 1318 1050 usui
1344 994 1476 1063 sint,
1509 994 1787 1052 militibus
1828 996 2104 1071 imperat:
2148 1005 2224 1066 et,

228 1083 388 1158 quod
428 1079 704 1159 oppidum
754 1083 1063 1140 Genabum
1112 1099 1253 1158 pons
1300 1083 1558 1140 fluminis
1598 1082 1832 1160 Ligeris
1879 1085 2224 1155 continebat,

228 1171 479 1242 veritus,
522 1191 597 1230 ne
644 1181 819 1229 noctu
869 1189 942 1228 ex
984 1171 1187 1247 oppido
1229 1170 1616 1248 profugerent,
1667 1172 1814 1230 duas
1861 1172 2118 1250 legiones
2166 1176 2226 1231 in

230 1263 417 1318 armis
438 1263 732 1318 excubare
753 1259 939 1336 jubet.
1024 1259 1418 1330 Genabenses‚
1449 1260 1623 1337 paulo
1651 1271 1784 1320 ante
1813 1263 2064 1320 mediam
2092 1283 2224 1322 noc·
2255 1269 2332 1324 1⁰

229 1359 355 1408 tem
403 1351 631 1408 silentio
674 1369 751 1407 ex
799 1347 1005 1426 oppido
1048 1350 1287 1426 egressi,
1332 1350 1550 1406 flumen
1597 1351 1842 1407 transire
1891 1363 2223 1427 coeperunt.

230 1439 377 1506 Qua
406 1458 469 1496 re
490 1457 595 1516 per
620 1440 1009 1515 exploratores
1034 1439 1329 1507 nunciata,
1352 1437 1576 1494 Caesar
1591 1437 1866 1514 legioneS,
1885 1457 2032 1514 quas
2058 1459 2226 1516 expe·

230 1529 387 1586 ditas
414 1547 541 1586 esse
564 1529 833 1604 jusserat,
853 1530 1029 1604 portis
1050 1528 1321 1596 incensis,
1342 1528 1683 1596 intromittit,
1708 1537 1880 1601 atque
1909 1529 2114 1604 oppido
2134 1549 2228 1605 po-

232 1619 395 1688 titur,
416 1619 721 1694 perpaucis
742 1637 815 1675 ex
834 1619 1081 1676 hostium
1098 1635 1345 1674 numero
1363 1615 1718 1686 desideratiS‚
1733 1617 1875 1691 quin
1893 1620 2090 1675 cuncti
2108 1619 2230 1676 vivi

230 1718 603 1784 caperentur,
634 1707 784 1783 quod
814 1707 999 1783 pontis
1028 1715 1199 1780 atque
1228 1706 1504 1762 itinerum
1533 1707 1834 1781 angustiae
1876 1705 2231 1766 multitudini
2259 1708 2334 1767 15

234 1795 442 1873 fugam
464 1797 929 1854 intercluserant.
1002 1794 1295 1871 Oppidum
1316 1793 1513 1870 diripit
1535 1804 1706 1870 atque
1729 1795 2020 1869 incendit3
2065 1815 2230 1872 prae-

234 1886 372 1942 dam
402 1885 679 1942 militibus
718 1885 909 1954 donat,
939 1884 1261 1942 exercitum
1291 1882 1557 1961 Ligerim
1584 1884 1922 1956 transducit,
1955 1895 2126 1963 atque
2169 1887 2230 1946 in

236 1975 572 2050 Biturigum
601 1975 747 2032 fines
769 1975 1049 2050 pervenit.

322 2061 455 2120 XII.
502 2061 969 2140 Vercingetorix,
1000 2061 1099 2119 ubi
1128 2061 1199 2120 de
1228 2061 1498 2119 Caesaris
1541 2061 1789 2121 adventu
1819 2067 2103 2142 cognovit,
2131 2083 2228 2144 op-

236 2153 591 2231 pugnatione
618 2152 855 2223 desistit‚
888 2162 1079 2229 atque·
1101 2152 1329 2209 obviam
1363 2152 1602 2210 Caesari
1633 2155 2036 2229 proficiscitur.
2123 2156 2230 2217 Ille
2255 2159 2334 2219 20

236 2244 511 2320 oppidum
554 2243 939 2319 [Biturigum,
982 2242 1230 2317 positum
1274 2242 1335 2298 in
1363 2242 1512 2317 via‚]
1543 2242 1969 2303 ,Noviodunum
2011 2265 2230 2324 oppug-

238 2352 383 2391 nare
411 2334 755 2390 instituerat.
840 2332 981 2397 Quo
1004 2350 1076 2387 ex
1118 2330 1323 2407 oppido
1349 2350 1532 2406 quum
1560 2330 1737 2407 legati
1779 2332 1850 2388 ad
1879 2352 2014 2389 eum
2045 2336 2230 2393 venis-

238 2432 385 2492 sent,
432 2431 679 2491 oratum,
724 2431 787 2478 ut
827 2422 936 2477 sibi
978 2422 1318 2497 ignosceret,
1363 2438 1620 2495 suaeque
1664 2421 1818 2476 vitae
1857 2420 2228 2495 consuleret3

240 2522 306 2571 ut
334 2512 633 2571 celeritate
662 2510 915 2585 reliquas
942 2528 1037 2567 res
1065 2510 1396 2577 conficeret,
1427 2526 1546 2583 qua
1574 2507 1854 2584 pleraque
1881 2518 2006 2567 erat
2034 2528 2230 2567 eonse-

238 2612 431 2671 outus,
464 2618 628 2657 arma
656 2599 913 2675 proferri,
936 2618 1117 2676 equos
1139 2599 1396 2674 produci,
1415 2598 1642 2653 obsides
1659 2596 1783 2653 dari
1807 2598 1992 2673 jubet.
2059 2597 2231 2658 Parte
2255 2600 2336 2659 Ἀ

233 2691 359 2767 jam
388 2688 652 2747 obsidum
678 2688 904 2755 tradita,
934 2706 1115 2764 quum
1147 2688 1373 2763 reliqua
1397 2684 1952 2756 administrarentur,
1981 2690 2228 2745 centuri-

238 2778 450 2837 onibus
476 2786 535 2836 et
564 2780 765 2855 paucis
806 2778 1085 2836 militibus
1124 2774 1483 2844 intromissiS‚
1513 2776 1612 2851 qui
1653 2792 1818 2832 arma
1851 2775 2232 2854 jumentaque

238 2870 667 2944 conquirerent,
700 2868 991 2943 equitatus
1017 2867 1265 2924 hostium
1310 2865 1512 2940 procul
1543 2865 1706 2921 visus
1747 2874 1850 2934 est,
1879 2866 1980 2941 q'ui
2025 2886 2233 2944 agmen

240 2958 741 3035 Vercingetorigis
788 2964 1192 3014 antecesserat.
1276 2954 1474 3019 Quem
1530 2955 1702 3011 simul
1747 2962 1918 3031 atque
1965 2955 2234 3031 oppidani

241 3058 685 3124 conspexerunt,
710 3058 883 3123 atque
904 3047 965 3103 in
992 3062 1153 3122 spem
1184 3044 1388 3102 auxilii
1407 3054 1708 3114 venerunt,
1729 3046 1987 3103 clamore
2007 3046 2236 3105 sublato
2257 3044 2338 3103 ω

242 3156 407 3195 arma
449 3154 677 3213 capere,
707 3146 901 3213 portas
948 3134 1242 3204 claudere,
1273 3150 1510 3191 murum
1555 3135 1846 3209 complere
1895 3145 2230 3210 coeperunt.

238 3226 625 3285 Centuriones
666 3228 724 3283 in
754 3226 975 3302 oppido,
1004 3233 1185 3299 quum
1214 3242 1285 3280 ex
1314 3224 1734 3299 significatione
1765 3222 2070 3280 Gallorum
2097 3226 2233 3283 novi

242 3317 463 3394 aliquid
514 3317 586 3373 ab
635 3316 725 3373 his
772 3316 905 3371 iniri
954 3313 1178 3371 consilii
1228 3312 1665 3381 intellexissent,
1705 3311 1914 3389 gladiis
1961 3310 2234 3371 districtis

244 3416 437 3483 portas
464 3410 916 3481 occupaverunt,
944 3420 1197 3477 suosque
1224 3420 1425 3459 omnes
1453 3400 1776 3459 incolumes
1803 3411 2168 3477 receperunt.

326 3480 489 3553 XIII.
530 3494 751 3552 Caesar
778 3512 851 3550 ex
889 3492 1095 3551 castris
1134 3491 1452 3567 equitatum
1497 3489 1668 3547 educi
1711 3490 1895 3565 jubet,
1925 3490 2230 3565 proelium·
2254 3490 2336 3547 85

242 3602 357 3661 que
408 3593 677 3659 equestre
726 3581 1063 3639 committit:
1120 3579 1514 3637 laborantibus
1563 3578 1686 3653 jam
1736 3579 1858 3637 suis
1907 3578 2234 3637 Germanos

242 3674 469 3749 equites
517 3672 753 3730 circiter
797 3688 869 3729 cn
916 3669 1213 3739 submittit,
1262 3686 1407 3742 quos
1457 3668 1528 3725 ab
1569 3667 1734 3725 initio
1771 3684 1972 3725 secum
2015 3667 2232 3727 habere

242 3762 591 3821 instituerat.
678 3760 899 3819 Eorum
942 3760 1219 3837 impetum
1250 3756 1409 3815 Galli
1451 3757 1734 3815 sustinere
1761 3776 1876 3814 non
1903 3765 2228 3833 potuerunt,

242 3860 421 3930 atque
448 3853 509 3909 in
536 3850 739 3929 fugam
766 3848 1031 3927 conjecti,
1062 3846 1261 3907 multis
1298 3847 1542 3920 arnissis,
1571 3864 1702 3906 sese
1729 3846 1802 3905 ad
1829 3864 2041 3926 agmen
2069 3863 2228 3907 reee-
