2709 4300
350 267 473 332 128
1084 273 1173 321 DE
1206 271 1418 321 BBLLO
1449 269 1734 318 GALLloo
2127 270 2262 324 [Cu.
2281 275 2354 324 4⁰,
2369 275 2436 316 41.

448 415 593 492 quin
636 413 723 472 rei
766 411 1017 470 novitate
1062 410 1450 488 perturbetur.
1533 407 1796 476 Barbari,
1843 406 2012 482 signa
2055 405 2260 483 procul
2305 423 2436 464 con-

448 503 673 579 spicati,
702 501 1125 578 oppugnatione
1166 499 1492 556 desistunt:
1537 496 1750 554 redisse
1792 495 1976 570 primo
2015 494 2274 572 legiones
2313 513 2438 552 cre-

448 591 612 659 dunt,
638 609 787 666 quas
828 589 1057 666 longius
1083 587 1418 646 discessisse
1457 604 1532 644 ex
1561 585 1804 660 captivis
1843 594 2270 660 cognoverant:
2317 603 2438 660 pos-

448 689 563 749 tea,
604 679 877 755 despecta
928 676 1237 754 paucitate,
1286 693 1362 732 ex
1411 673 1680 732 omnibus
1727 673 1986 749 partibus
2032 674 2314 748 impetum
2359 671 2439 730 fa-

384 777 427 834 5
448 768 631 826 ciunt.

532 854 663 914 XL.
704 854 955 914 Calones
995 855 1056 910 in
1106 853 1434 930 proximum
1487 850 1780 909 tumulum
1829 860 2193 926 procurrunt.
2279 849 2441 908 Hinc

448 946 721 1004 celeriter
768 943 993 1019 dejecti,
1042 961 1107 1000 se
1154 943 1217 998 in
1264 941 1434 1018 signa
1483 939 1922 1016 manipulosque
1969 939 2328 1015 conjiciuntz
2371 959 2440 998 eo

448 1037 637 1111 magis
678 1033 904 1092 timidos
948 1041 1269 1108 perterrent
1312 1030 1548 1088 milites.
1636 1029 1778 1098 Alii,
1807 1047 1996 1087 cuneo
2035 1026 2204 1097 fact0‚
2239 1037 2304 1084 ut
2343 1047 2436 1086 ce-

449 1123 645 1200 leriter
698 1131 1091 1200 perrumpant,
1141 1129 1396 1188 censent,
1446 1119 1720 1196 quoniam
1774 1128 1894 1176 tam
1951 1117 2272 1194 propinqua
2325 1119 2440 1176 sint

348 1221 425 1278 10
446 1223 683 1286 castra3
714 1222 789 1282 et,
820 1213 869 1269 si
911 1230 1047 1288 pars
1086 1210 1285 1285 aliqua
1322 1209 1725 1266 circumventa
1763 1207 2056 1275 ceciderit,
2087 1216 2144 1264 at
2186 1207 2440 1282 reliquos

448 1303 671 1360 servari
718 1319 883 1378 posse
930 1299 1263 1364 confidunt:
1306 1297 1426 1368 alii,
1477 1307 1540 1355 ut
1587 1298 1650 1354 in
1694 1297 1840 1373 jugo
1885 1296 2215 1366 consistant,
2265 1307 2438 1372 atque

447 1391 697 1450 eundem
748 1409 949 1450 omnes
1006 1389 1195 1448 ferant
1248 1407 1474 1446 casum.
1560 1387 1692 1444 Hoc
1749 1396 1972 1444 veteres
2025 1405 2138 1444 non
2193 1387 2436 1462 probant

447 1481 678 1550 milites,
724 1497 871 1556 quos
912 1479 1025 1536 sub
1066 1477 1283 1536 vexillo
1332 1494 1452 1534 una
1500 1474 1784 1552 profectos
1829 1475 2152 1534 docuimus.
2237 1474 2440 1551 Itaque

448 1569 601 1628 inter
642 1588 707 1626 se
746 1568 1047 1637 cohortati,
1078 1567 1227 1624 duce
1254 1565 1323 1622 C.
1357 1564 1668 1634 Trebonio,
1697 1563 1892 1639 equite
1921 1563 2198 1634 Romano,
2225 1565 2330 1639 qui
2357 1566 2442 1622 eis

348 1665 425 1722 15
448 1668 576 1716 erat
596 1658 971 1734 praepositus,
998 1673 1101 1732 per
1122 1654 1339 1712 medios
1360 1655 1550 1712 hostes
1579 1663 1978 1730 perrumpunt,
2003 1652 2440 1728 incolumesque

448 1747 525 1806 ad
552 1765 735 1805 unum
762 1763 961 1804 omnes
986 1746 1049 1800 in
1070 1753 1263 1800 castra
1292 1744 1656 1819 perveniunt.
1743 1743 1869 1800 Hos
1889 1743 2186 1800 subsecuti
2207 1743 2443 1800 calones

448 1836 789 1910 equitesque
816 1833 1017 1891 eodem
1060 1833 1293 1908 impetu,
1324 1832 1573 1891 militum
1601 1833 1814 1890 virtute
1841 1841 2167 1890 servantur.
2254 1832 2339 1890 At
2377 1833 2438 1902 ii,

446 1924 551 1998 qui
594 1925 655 1980 in
694 1924 839 2000 jugo
882 1923 1273 1992 constiterant,
1304 1922 1468 1980 nullo
1509 1923 1684 1980 etiam
1725 1940 1886 1980 nunc
1915 1939 2026 1978 usu
2055 1923 2142 1978 rei
2169 1921 2442 1980 militaris

448 2021 737 2088 percepto,
766 2029 957 2086 neque
984 2011 1047 2068 in
1074 2030 1161 2080 e0,
1188 2010 1341 2085 quod
1371 2011 1774 2088 probaverant,
1803 2011 2044 2068 consilio
2071 2029 2437 2087 permanere,

344 2105 425 2161 20
449 2109 513 2158 nt
540 2119 603 2158 se
633 2099 763 2157 loco
788 2099 1085 2175 superiore
1111 2097 1506 2180 defenderent,
1539 2118 1729 2177 neque
1771 2118 1922 2169 eam,
1949 2117 2128 2175 quam
2155 2097 2440 2177 profuisse

448 2188 581 2247 aliis
634 2189 751 2245 vim
806 2189 1277 2264 celeritatemque
1334 2189 1613 2259 viderant,
1659 2190 1872 2247 imitari
1926 2198 2270 2265 potuerunt3
2317 2190 2438 2260 sed,

446 2298 511 2337 se
538 2279 601 2338 in
640 2288 833 2337 castra
872 2266 1133 2355 recipere
1174 2279 1384 2348 conati,
1415 2279 1680 2354 iniquum
1721 2280 1782 2335 in
1825 2278 2020 2337 locum
2061 2278 2434 2336 demiserant.

449 2368 855 2437 Centuriones,
884 2386 1133 2445 quorum
1162 2367 1426 2425 nonnulli
1453 2387 1527 2425 ex
1556 2366 1926 2425 inferioribus
1963 2368 2262 2425 ordinibus
2306 2368 2438 2425 reli·

444 2474 701 2532 quarum
740 2457 1039 2535 legionum
1068 2458 1299 2515 virtutis
1338 2476 1522 2515 causa
1549 2458 1611 2513 in
1639 2457 1966 2533 superiores
2005 2465 2170 2515 erant
2207 2457 2440 2515 ordines

342 2556 423 2615 ηδ
447 2546 625 2622 hujus
652 2545 897 2623 legionis
920 2544 1259 2615 transducti,
1280 2564 1355 2603 ne
1379 2554 1512 2602 ante
1541 2555 1766 2622 partam
1795 2547 1880 2603 rei
1909 2546 2175 2603 militaris
2201 2545 2442 2603 laudem

448 2634 790 2704 amitterent,
821 2633 1125 2693 fortissime
1168 2644 1492 2711 pugnantes
1519 2634 1912 2693 conciderunt.
2000 2634 2256 2691 Militum
2283 2654 2438 2709 pars,

445 2722 653 2781 borum
682 2724 893 2781 virtute
922 2723 1201 2781 submotis
1241 2724 1516 2792 hostibus,
1548 2732 1776 2797 praeter
1819 2742 1982 2799 spem
2026 2723 2336 2781 incolumis
2377 2725 2440 2781 in

446 2820 641 2869 castra
668 2812 927 2887 pervenit
951 2830 969 2882 ;
1016 2829 1151 2887 pars
1178 2830 1214 2867 a
1242 2812 1506 2869 barbaris
1533 2811 1936 2869 circumventa
1964 2810 2152 2887 periit.

528 2898 687 2957 XLI.
734 2899 1033 2969 Germani,
1076 2899 1382 2975 desperata
1425 2901 1852 2977 expugnatione
1897 2910 2239 2970 castrorum,
2281 2902 2454 2977 quod'

342 3000 421 3057 σθ
446 2998 669 3047 nostros
711 2989 837 3064 jam
884 2988 1205 3047 constitisse
1255 2990 1317 3045 in
1367 2990 1784 3069 munitionibus
1833 2989 2122 3059 videbant,
2173 3009 2313 3047 cum
2363 3011 2438 3049 ea

444 3078 680 3155 praeda,
710 3094 888 3153 quam
914 3078 975 3135 in
1006 3078 1169 3135 silvis
1191 3077 1591 3155 deposuerant,
1621 3089 1782 3136 trans
1811 3078 2084 3139 Rhenum
2112 3099 2238 3137 sese
2271 3098 2436 3139 rece-

445 3177 673 3243 perunt.
758 3168 853 3225 Ac
880 3176 1075 3231 tantus
1102 3165 1231 3237 fuit,
1254 3168 1428 3225 etiam
1452 3176 1575 3245 post
1595 3168 1914 3227 discessum
1936 3168 2206 3239 hostium,
2229 3179 2436 3241 terror,

446 3264 511 3312 ut
556 3275 628 3313 ea
670 3265 858 3326 nocte,
904 3274 1089 3333 quum
1128 3256 1197 3314 C.
1243 3256 1580 3316 Volusenus
1622 3259 1832 3315 missus
1879 3276 2014 3314 cum
2059 3259 2320 3333 equitatu
2363 3260 2439 3317 ad

444 3354 639 3401 castra
688 3346 958 3416 venisset,
1016 3346 1191 3403 fidem
1244 3365 1359 3405 non
1416 3346 1651 3417 faceret,
1709 3348 1909 3405 adesse
1965 3367 2103 3405 cum
2157 3350 2438 3408 incolumi

342 3442 421 3497 85
445 3430 759 3491 Caesarem
788 3437 1073 3494 exercitu.
1158 3436 1259 3493 Sic
1300 3437 1559 3493 omnium
1599 3438 1824 3495 animos
1849 3438 2018 3494 timor
2047 3456 2436 3515 praeoccupa-

446 3531 629 3591 verat,
662 3532 742 3592 ut,
761 3542 946 3599 paene
976 3524 1229 3583 alienata
1256 3533 1466 3594 mente,
1486 3525 1686 3583 deletis
1714 3527 1982 3586 omnibus
2009 3528 2190 3603 copiis
2217 3530 2438 3603 equita-

444 3621 571 3669 tum
598 3630 661 3667 se
690 3630 763 3668 ex
796 3611 937 3687 fuga
962 3616 1251 3689 recepisse
1278 3614 1577 3687 dicerent3
1611 3634 1818 3689 neque,
1849 3617 2126 3673 incolumi
2153 3618 2436 3688 exercitu,

450 3696 775 3755 Germanos
802 3709 993 3756 castra
1032 3712 1462 3778 oppugnaturos
1505 3704 1683 3763 fuisse
1727 3706 2157 3763 contenderent.
2241 3706 2439 3773 Quem

450 3782 713 3839 timorem
740 3785 1013 3843 Caesaris
1038 3788 1321 3847 adventus
1346 3793 1600 3851 sustulit.
1625 3820 1628 3827 ·
