2709 4300
545 235 588 242 —

231 334 354 380 cn.
371 339 444 389 sn,
461 333 564 386 sm·
1029 335 1220 382 uses
1251 335 1579 388 QUARTUS.
2236 320 2323 387 *Π

225 471 408 527 nibus
435 471 582 528 vicis
609 466 1004 546 aedificiisque
1033 473 1303 541 incensis,
1337 472 1751 547 frumentisque
1780 473 2043 543 succisis,
2066 493 2129 532 se
2158 473 2219 531 in

225 559 384 616 fines
410 560 692 618 Ubiorum
723 563 974 636 recepit3
1023 570 1194 635 atque
1224 563 1292 618 iis
1323 563 1605 618 auxilium
1634 543 1803 618 suum
1832 563 2137 637 pollicituS,
2168 563 2221 622 si

226 649 308 704 ab
337 648 551 706 Suevis
576 661 994 724 premerentur,
1026 651 1170 706 haec
1200 651 1272 706 ab
1300 652 1372 707 iis
1398 652 1665 726 cognovit
1688 671 1701 707 τ
1732 651 1971 721 Suevos,
2000 663 2219 727 postea-

223 755 412 812 quam
450 755 553 812 per
593 738 982 813 exploratores
1025 749 1252 814 pontem
1293 741 1421 796 fieri
1462 741 1887 815 comperissent,
1918 757 2073 798 more
2114 759 2221 798 suo

225 827 481 884 concilio
531 827 740 895 habito,
791 828 1036 884 nuncios
1089 827 1147 882 in
1199 847 1400 884 omnes
1441 838 1631 904 partes
1678 829 1977 897 dimisisse,
2022 830 2107 885 uti
2148 829 2219 886 de
2244 833 2287 888 5

223 914 454 989 oppidis
481 915 890 991 demigrarent,
919 915 1144 985 liberos,
1175 935 1402 985 uxores,
1444 935 1664 992 suaque
1704 919 1897 974 omnia
1938 918 1998 973 in
2042 919 2223 976 silvas

222 1004 603 1079 deponerent,
651 1014 822 1078 atque
863 1023 1078 1074 omneS,
1107 1007 1208 1079 qui
1251 1023 1413 1062 arma
1458 1004 1609 1062 ferre
1643 1015 1888 1081 possent,
1930 1024 2114 1063 unum
2158 1007 2219 1062 in

225 1093 427 1150 locum
471 1094 880 1150 convenirent:
937 1094 1094 1150 hunc
1149 1113 1276 1150 esse
1329 1093 1621 1151 delectum
1668 1095 1921 1151 medium
1966 1093 2087 1152 fere
2132 1111 2219 1153 re-

223 1183 473 1258 gionum
527 1199 750 1250 earum,
808 1200 956 1257 quas
1009 1182 1190 1239 Suevi
1245 1183 1603 1244 obtinerent:
1673 1182 1769 1240 hio
1826 1183 2220 1240 Romanorum

226 1270 545 1326 adventum
573 1279 944 1345 exspectare„
961 1280 1132 1345 atque
1161 1272 1240 1327 ibi
1269 1271 1567 1328 decertare
1596 1271 1975 1330 constituisse.
2046 1271 2221 1337 Quod
2248 1267 2325 1325 1⁰

227 1358 334 1414 ubi
377 1359 598 1416 Caesar
646 1355 944 1437 comperit,
973 1361 1240 1416 omnibus
1280 1361 1371 1416 his
1412 1359 1585 1416 rebus
1630 1358 1926 1428 confectiS,
1972 1377 2221 1433 quarum
2286 1363 2303 1382 ⁴

227 1465 434 1504 rerum
477 1465 659 1504 causa
699 1448 1004 1505 traducere
1045 1449 1371 1505 exercitum
1400 1449 1788 1515 constituerat,
1818 1459 1883 1503 ut
1910 1447 2223 1504 Germanis

227 1545 454 1593 metum
503 1537 786 1611 injiceret,
816 1547 878 1594 ut
907 1537 1244 1614 Sigambros
1275 1536 1679 1603 ulcisceretur,
1708 1545 1772 1591 ut
1801 1535 1979 1592 Ubios
2018 1535 2221 1591 obsidi-

228 1642 342 1682 one
386 1625 677 1695 liberaret,
719 1625 922 1683 diebus
962 1626 1194 1683 omnino
1233 1643 1276 1682 x
1318 1633 1375 1680 et
1414 1641 1527 1680 vm
1570 1633 1729 1680 trans
1774 1623 2046 1680 Rhenum
2088 1641 2221 1680 con-

231 1715 496 1790 sumptis,
527 1715 665 1771 satis
693 1724 749 1771 et
779 1714 848 1770 ad
879 1715 1112 1770 laudem
1146 1723 1204 1770 et
1245 1713 1318 1769 ad
1362 1713 1666 1769 utilitatem
1708 1711 2027 1788 profectum
2074 1713 2220 1769 arbi·
2251 1710 2325 1768 1⁸

231 1812 438 1872 tra-tus,
468 1821 532 1860 se
559 1804 619 1859 in
643 1803 900 1860 Galliam
931 1803 1165 1878 recepit,
1195 1812 1539 1878 pontemque
1568 1801 1821 1858 rescidit.

317 1891 452 1948 XX.
499 1891 734 1968 Exigua
787 1901 948 1967 parte
1005 1891 1236 1948 aestatis
1285 1891 1531 1966 reliqua,
1580 1873 1815 1960 Caesar,
1864 1891 1971 1948 etsi
2018 1891 2079 1947 in
2132 1891 2225 1948 his

233 1979 399 2049 locis,
423 1981 572 2054 quod
597 1981 783 2038 omnis
805 1981 966 2038 Galli
1025 1979 1096 2036 ad
1125 1980 1555 2056 septemtriones
1576 1980 1780 2056 vergit,
1804 1989 2065 2038 maturae
2086 1989 2223 2037 sunt

233 2069 478 2142 hiemes,
517 2079 710 2126 tamen
739 2070 800 2126 in
828 2069 1188 2126 Britanniam
1220 2068 1507 2144 proficisci
1535 2069 1842 2138 contendit,
1864 2069 2015 2143 quod
2042 2069 2220 2126 omni-

233 2160 350 2216 bus
391 2158 512 2216 fere
556 2158 804 2215 Gallicis
844 2158 1028 2227 bellis,
1060 2158 1315 2215 hostibus
1360 2158 1567 2215 nostris
1614 2158 1747 2215 inde
1789 2159 2223 2215 subministrata
2248 2158 2327 2214 20

235 2248 462 2305 auxilia
501 2247 892 2323 intelligebat:
935 2256 1008 2316 et,
1039 2248 1088 2303 si
1115 2257 1343 2321 tempus
1372 2248 1508 2303 anni
1538 2246 1609 2303 ad
1638 2247 1855 2303 bellum
1902 2247 2223 2323 gerendum

234 2337 532 2405 deficeret,
559 2346 756 2393 tamen
797 2354 1008 2411 magno
1047 2336 1155 2392 sibi
1197 2336 1331 2392 usui
1374 2335 1493 2392 fore
1536 2335 1939 2402 arbitrabatur,
1969 2335 2019 2390 si
2060 2334 2227 2391 modo

235 2426 490 2481 insulam
541 2425 768 2498 adisset,
815 2443 1004 2500 genus
1046 2424 1344 2481 hominum
1393 2423 1789 2499 perspexisset,
1832 2421 1979 2490 loca,
2010 2430 2223 2495 portus,

237 2513 430 2570 aditus
457 2512 850 2589 cognovisset:
894 2531 1046 2588 quae
1081 2512 1274 2569 omnia
1317 2510 1437 2568 sere
1468 2509 1659 2567 Gallis
1702 2518 1867 2567 erant
1908 2508 2223 2585 incognita.

236 2602 453 2677 Neque
499 2602 652 2659 enim
697 2611 914 2659 temere
955 2612 1184 2676 praeter
1223 2610 1575 2657 mercatores
1606 2597 1707 2655 illo
1734 2597 1873 2655 adiit
1898 2597 2223 2671 quisquam,
2250 2598 2329 2657 ω

235 2710 431 2767 neque
459 2692 532 2747 iis
559 2691 697 2765 ipsis
723 2690 1058 2765 quidquam,
1089 2700 1316 2765 praeter
1343 2706 1505 2745 oram
1532 2687 1899 2754 maritimam,
1924 2694 2097 2761 atque
2124 2704 2227 2743 eas

239 2780 523 2855 regiones,
554 2798 704 2854 quae
743 2788 876 2835 sunt
917 2788 1132 2835 contra-
1145 2776 1390 2844 Gallias,
1420 2784 1618 2831 notum
1659 2783 1765 2831 est.
1848 2773 2066 2848 Itaque,
2096 2792 2225 2830 evo·

239 2870 390 2927 catis
419 2868 490 2924 ad
517 2888 580 2924 se
609 2866 862 2942 undique
893 2865 1326 2933 mercatoribus,
1355 2879 1547 2938 neque
1572 2871 1787 2937 quanta
1814 2871 1965 2919 esset
1999 2859 2229 2918 'insulae

239 2955 597 3033 magnitudo,
617 2974 808 3030 neque
829 2974 980 3030 quae
1003 2962 1103 3011 aut
1123 2962 1373 3028 quantae
1400 2952 1661 3009 nationes
1687 2950 2020 3020 incolerent,
2038 2966 2228 3023 neque

239 3064 418 3121 quem
469 3062 640 3101 usum
685 3044 822 3101 belli
863 3044 1159 3111 haberent,
1203 3051 1304 3099 aut
1342 3040 1553 3116 quibus
1592 3042 1867 3099 institutis
1908 3047 2226 3106 uterentur,
2254 3039 2331 3099 ω

241 3152 434 3209 neque
461 3133 562 3209 qui
603 3142 795 3189 essent
837 3131 911 3188 ad
953 3131 1237 3206 majorum
1288 3131 1529 3188 navium
1570 3128 1999 3187 multitudinem
2040 3126 2230 3183 idonei

243 3232 459 3301 portus,
491 3222 750 3297 reperire
778 3229 1018 3296 poterat.

327 3309 490 3368 XXI.
534 3310 630 3366 Ad
659 3310 808 3367 haec
835 3307 1252 3384 cognoscenda,
1283 3308 1447 3384 prius
1484 3324 1662 3383 quam
1703 3305 2032 3381 periculum
2076 3303 2229 3363 face-

245 3409 350 3469 ret,
382 3398 652 3455 idoneum
680 3416 806 3455 esse
837 3398 1162 3465 arbitratus,
1192 3396 1262 3455 C.
1296 3396 1659 3453 Volusenum
1694 3412 1841 3451 cum
1880 3394 2018 3450 navi
2059 3392 2233 3469 longa

222 3474 580 3565 praemittit.
666 3486 829 3545 Huic
859 3486 1110 3554 mandat,
1147 3486 1250 3555 uti,
1279 3482 1591 3561 exploratis
1630 3482 1895 3540 omnibus
1937 3482 2129 3550 rebus,
2160 3480 2233 3537 ad
2258 3480 2336 3539 ab

245 3596 312 3635 se
357 3560 838 3652 quam⁸primum
889 3582 1250 3631 revertatur:
1299 3575 1423 3649 ipse
1468 3590 1604 3628 cum
1646 3570 1911 3629 omnibus
1954 3570 2133 3644 copiis
2172 3570 2233 3625 in

248 3664 506 3722 Morinos
550 3664 955 3740 proficiscitur,
983 3662 1134 3738 quod
1175 3662 1309 3719 inde
1351 3669 1477 3717 erat
1518 3658 1892 3716 brevissimus
1920 3658 1981 3713 in
2008 3656 2233 3713 Britan.

243 3756 410 3811 niam
437 3754 738 3828 trajectus.
823 3750 962 3809 Huc
989 3768 1169 3808 naves
1197 3748 1452 3824 undique
1480 3764 1553 3805 ex
1580 3747 1839 3805 finitimis
1886 3744 2233 3822 regionibus,

247 3850 310 3901 et
355 3858 537 3918 quam
581 3840 882 3918 superiore
937 3848 1150 3898 aestate
1197 3838 1272 3896 ad
1319 3837 1671 3897 Veneticum
1726 3834 1945 3895 bellum
1998 3833 2235 3906 fecerat,

1240 3946 1312 4004 70
