2709 4300
201 335 327 382 Cu.
345 341 416 389 21,
431 333 528 388 ΞΜ
983 333 1176 381 LIBER
1207 331 1489 381 'rm‘rms
2216 325 2301 384 65

203 471 585 541 aestimanda,
615 489 798 547 quum
825 470 1280 546 intelligeretsin
1307 471 1401 527 his
1426 469 1569 528 locis
1608 470 1717 527 sihi
1748 469 1963 528 bellum
1988 489 2193 547 geren.

199 562 370 632 dnm,
394 563 494 618 ubi
521 560 726 638 paucis
764 569 896 617 ante
925 559 1196 618 annisL.
1223 559 1501 617 Valerius
1528 559 1917 616 Praeconinus
1945 561 2191 636 legatus,

201 653 475 709 exercitu
503 652 685 727 pulso,
717 651 1055 708 interfectus
1098 659 1266 718 esset,
1297 659 1469 724 atque
1513 649 1664 706 unde
1692 649 1766 708 L.
1800 651 2039 710 Mallius
2066 671 2191 728 pro-

203 741 434 809 consul,
463 737 1157 817 impedimentis'amissis,
1189 737 1553 816 profugisset,
1572 757 1683 796 non
1712 740 2061 799 mediocrem
2082 743 2189 800 sibi

204 829 570 906 diligentiam
599 828 980 886 adhibendam
1005 825 1381 904 intelligebat.
1465 827 1685 903 Itaque,
1717 845 1780 885 re
1810 827 2189 888 frumentaria
2216 833 2257 886 5

205 920 456 994 provisa,
487 918 720 974 auxiliis
745 919 1120 994 equitatuque
1139 927 1489 993 comparato,
1512 917 1710 974 multis
1730 929 2029 993 praeterea
2048 921 2191 978 viris

205 1007 454 1064 fortibus
483 1007 718 1076 Tolosa,
747 1007 1076 1064 Carcasone
1120 1015 1174 1062 et
1217 1005 1516 1075 Narbone,
1556 1024 1711 1081 quae
1752 1017 1887 1065 sunt
1928 1009 2191 1068 civitates

206 1095 444 1153 Galliae
471 1095 830 1164 Provinciae,
860 1095 1154 1152 finitimae·
1176 1093 1266 1152 his
1305 1096 1653 1171 regionibus,
1682 1098 2017 1154 nominatim
2056 1117 2187 1157 evo-

203 1187 370 1255 catis,
393 1187 454 1242 in
483 1186 770 1243 Sotiatum
789 1185 934 1242 fines
959 1185 1282 1242 exercitum
1309 1183 1642 1242 introduxit.
1724 1185 1911 1262 Cujus
1938 1188 2187 1248 adventu

202 1276 454 1351 cognito,
486 1275 746 1343 Sotiates,
777 1274 1004 1350 magnis
1031 1274 1212 1349 copiis
1239 1275 1457 1331 coactis
1484 1275 1877 1356 equitatuque,
1906 1295 2021 1351 quo
2062 1277 2185 1353 plu·
2220 1276 2293 1330 10

203 1365 424 1420 rimum
465 1363 752 1432 valebant,
797 1363 856 1419 in
899 1363 1104 1420 itinere
1143 1381 1354 1438 agmen
1392 1371 1651 1420 nostrum
1694 1363 1893 1432 adorti,
1938 1366 2187 1439 primum

201 1462 474 1529 equestre
501 1453 783 1529 proelium
809 1453 1257 1510 commiserunt:
1299 1451 1527 1520 deinde,
1556 1452 1815 1526 equitatu
1856 1471 1963 1510 suo
2004 1453 2185 1528 pulso,

201 1554 382 1618 atque
409 1542 844 1618 insequentibus
883 1541 1110 1610 nostris,
1141 1540 1330 1597 subito
1372 1539 1665 1615 pedestres
1702 1541 1912 1615 copias,
1942 1559 2089 1616 quas
2128 1543 2189 1600 in

202 1631 476 1689 convalle
519 1632 576 1687 in
611 1631 850 1688 “insidiis
889 1630 1346 1697 collocaverant,
1366 1627 1756 1686 ostenderunt.
1841 1628 1941 1698 Hi,
1970 1639 2189 1688 nostros

201 1721 476 1796 disjectos
502 1719 698 1790 adorti,
731 1720 1014 1796 proelium
1042 1727 1413 1776 renovarunt.
2219 1727 2293 1780 15

287 1809 451 1866 XXI.
495 1810 824 1885 Pugnatum
853 1818 939 1866 est
965 1808 1066 1865 diu
1107 1817 1282 1883 atque
1321 1809 1553 1877 acriter,
1584 1825 1767 1884 quum
1808 1807 2053 1866 Sotiates
2092 1829 2185 1868 su-

205 1899 526 1974 perioribus
572 1898 830 1955 victoriis
873 1895 1030 1966 freti,
1079 1897 1140 1952 in
1189 1915 1298 1954 sua
1343 1899 1555 1954 virtute
1606 1897 1781 1954 totius
1830 1897 2187 1974 Aquitaniae

203 1987 454 2045 salutem
482 1988 721 2064 positam
740 1995 1008 2062 putarent
1029 2004 1053 2057 3-
1093 1987 1270 2043 nostri
1299 1997 1511 2056 autem,
1534 1985 1671 2062 quid
1690 1987 1815 2044 sine
1844 1988 2185 2064 imperatore

203 2087 261 2134 et
290 2076 684 2152 sine'reliquis
712 2076 1054 2153 legionibus,
1097 2075 1529 2134 adolescentulo
1570 2075 1739 2146 duce,
1782 2076 2017 2135 efficere
2060 2097 2183 2155 pos-

199 2176 351 2236 sent,
400 2168 644 2243 perspici
692 2174 1010 2241 cuperent:
1071 2176 1265 2223 tamen
1313 2165 1563 2225 confecti
1610 2168 1949 2225 vulneribus
1998 2169 2185 2226 hostes
2209 2172 2291 2227 20

201 2265 372 2331 terga
399 2265 645 2313 vertere.
729 2256 997 2320 Quorum
1039 2272 1250 2333 magno
1291 2272 1535 2314 nurnero
1574 2255 1891 2324 interfecto,
1938 2258 2187 2316 Crassus

202 2362 280 2402 ex
311 2346 515 2402 itinere
541 2344 810 2421 oppidum
841 2344 1124 2402 Sotiatum
1151 2337 1487 2421 oppugnare
1528 2346 1731 2419 coepit.
1814 2344 2047 2408 Quibus
2076 2346 2185 2403 for-

201 2436 340 2493 titer
369 2434 778 2504 resistentibus,
799 2435 998 2491 vineas
1019 2444 1326 2509 turresque
1353 2434 1491 2508 egit.
1576 2432 1689 2501 Illi,
1721 2431 1867 2488 alias
1888 2434 2187 2508 eruptione

204 2532 442 2593 tentata,
463 2523 610 2579 alias
637 2522 928 2580 cuniculis
956 2521 1030 2578 ad
1061 2541 1334 2599 aggerem
1359 2523 1673 2597 vineasque
1695 2521 1859 2589 actis,
1884 2519 2085 2597 (cujus
2102 2523 2185 2578 rei

205 2620 342 2671 sunt
369 2612 541 2689 longe
581 2612 912 2689 peritissimi
941 2612 1242 2686 Aquitani,
1274 2620 1576 2687 propterea
1614 2608 1767 2688 quod
1808 2610 2003 2667 multis
2044 2610 2187 2669 locis
2210 2618 2291 2671 25

205 2702 360 2777 apud
407 2718 507 2758 eos
556 2702 816 2758 aerariae
857 2710 1124 2757 secturae
1163 2699 1342 2773 sunt),
1388 2698 1487 2754 ubi
1526 2698 1823 2773 diligentia
1862 2708 2187 2757 nostrorum

205 2792 348 2849 nihil
378 2790 470 2847 his
497 2790 670 2847 rebus
695 2790 892 2866 profici
921 2808 1085 2864 posse
1115 2787 1541 2855 intellexerunt,
1566 2785 1783 2863 legatos
1810 2785 1883 2842 ad
1910 2785 2187 2845 Crassum

205 2881 458 2949 mittunt,
504 2897 680 2955 seque
721 2879 780 2935 in
825 2878 1172 2935 deditionem
1217 2884 1280 2933 ut
1326 2874 1585 2950 recipiat,
1633 2883 1853 2950 petunt.
1936 2874 2075 2941 Qua
2124 2894 2187 2933 re

205 2963 530 3044 impetrata,
563 2986 726 3024 arma
753 2967 980 3025 tradere
1003 2967 1170 3042 jussi,
1205 2964 1448 3022 faciunt.

290 3054 478 3114 XXII.
525 3056 722 3131 Atque
751 3056 809 3111 in
848 3074 920 3111 ea
949 3073 1012 3112 re·
1037 3056 1296 3112 omnium
1333 3063 1657 3111 nostrorum
1687 3053 1919 3111 intentis
1960 3054 2183 3123 animis,
2213 3055 2293 3112 30

205 3146 326 3204 alia
373 3164 448 3202 ex
495 3154 656 3221 parte
701 3143 893 3220 oppidi
943 3144 1427 3211 Adoantuannus,
1478 3144 1579 3218 qui
1628 3160 1917 3200 summam
1960 3142 2187 3217 imperii

117 3230 122 3237 ’
205 3235 454 3302 tenebat,
484 3252 621 3291 cum
647 3234 936 3291 sexcentis
964 3232 1199 3302 devotis,
1229 3250 1375 3307 quos
1418 3232 1507 3289 illi
1536 3231 1833 3290 Soldurios
1872 3231 2185 3307 appellant,

206 3324 480 3401 (quorum
508 3324 654 3380 haec
683 3331 771 3379 est
799 3322 1062 3389 conditio,
1088 3322 1170 3379 uti
1197 3322 1465 3379 omnibus
1493 3321 1553 3377 in
1582 3320 2041 3377 vita-commodis
2070 3336 2191 3377 una

205 3432 345 3472 cum
373 3414 463 3470 his
507 3413 792 3482 fruantur,
821 3430 1072 3488 quorum
1116 3430 1178 3468 se
1223 3411 1513 3467 amicitiae
1556 3406 1911 3481 dediderint3
1958 3410 2007 3467 si
2049 3408 2187 3483 quid

205 3506 280 3563 iis
305 3522 409 3581 per
447 3504 567 3560 vim
597 3503 838 3573 accidat,
869 3510 970 3560 aut
1009 3502 1258 3559 eundem
1299 3518 1504 3558 casum
1546 3516 1665 3556 una
1706 3498 1912 3568 ferant,
1944 3508 2045 3557 aut
2080 3496 2187 3555 sibi
2214 3504 2291 3559 35

205 3602 448 3651 mortem
466 3593 860 3649 consciscant:
889 3608 1078 3666 neque
1097 3590 1289 3647 adhuc
1309 3589 1607 3645 hominum
1628 3588 1905 3657 memoria
1927 3594 2189 3663 repertus

205 3692 293 3739 est
319 3683 646 3757 quisquam,
669 3682 788 3756 qui,
811 3698 880 3738 eo
907 3678 1226 3748 interfecto,
1245 3677 1419 3751 cujus
1442 3694 1509 3732 se
1536 3677 1825 3733 amicitiae
1846 3676 2187 3745 devovisset,

205 3771 353 3828 mori
397 3769 743 3847 recusaret),
786 3788 923 3827 cum
969 3768 1044 3826 iis
1085 3766 1553 3825 Adcantuannus
1594 3766 1951 3840 eruptionem
1998 3764 2187 3823 facere

205 3868 466 3929 conatus,
509 3860 764 3918 clamore
809 3859 886 3917 ab
931 3876 1004 3917 ea
1043 3866 1206 3934 parte
1247 3854 1579 3915 munitionis
1618 3854 1865 3925 sublato,
1892 3870 2075 3931 quum
2114 3852 2187 3911 nd

1177 3946 1249 4003 6*
