2709 4300
227 297 348 346 cn.
368 305 442 354 εκ,
457 301 557 354 2⁵.)
1011 303 1202 350 mssa
1235 305 1563 358 QUARTUS.
2240 301 2335 362 70

226 437 567 496 ulteriorem
587 448 814 514 portum
843 439 1130 516 progredi,
1159 451 1218 499 et
1245 461 1427 500 naves
1454 443 1859 514 conscendere,
1880 456 1939 504 et
1966 465 2029 504 se
2056 447 2224 524 sequi

225 527 446 603 jussit:
489 547 527 586 a
575 529 790 603 quibus
837 549 1018 604 quum
1067 531 1240 605 paulo
1284 532 1505 590 tardius
1548 545 1700 590 esset
1740 534 2221 607 administratum,

220 618 350 694 ipse
380 618 666 674 horadiei
693 618 926 676 circiter
953 630 1162 694 quarta
1191 639 1327 678 cum
1355 621 1555 696 primis
1583 623 1829 680 navibus
1858 623 2223 684 Britanniam

221 708 434 783 attigit,
463 717 640 782 atque
669 707 750 763 ibi
777 708 840 765 in
867 709 1134 766 omnibus
1161 709 1409 766 collibus
1436 711 1724 786 expositas
1748 712 1999 770 hostium
2026 716 2221 790 copias

221 806 482 854 armatas
511 798 826 872 conspexit.
907 797 1094 872 Cujus
1122 796 1234 855 loci
1261 798 1408 856 haec
1436 810 1561 857 erat
1588 810 1832 858 natura:
1875 801 2017 858 adeo
2063 821 2217 862 mon-
2244 813 2285 868 5

217 887 380 944 tibus
409 887 671 961 angustis
699 903 860 942 mare
889 886 1308 956 continebatur,
1340 888 1425 945 uti
1454 906 1527 945 ex
1556 888 1699 945 locis
1726 892 2119 966 superioribus
2158 893 2221 950 in

217 975 364 1034 litus
392 975 576 1032 telum
605 973 779 1049 adjici
809 985 1017 1048 posset.
1110 974 1288 1034 Hunc
1312 977 1385 1033 ad
1406 977 1821 1054 egrediendum
1850 997 2223 1056 nequaquam

215 1064 496 1120 idoneum
543 1063 856 1120 arbitratus
904 1063 1118 1134 locum,
1148 1064 1284 1122 dum
1317 1065 1577 1142 reliquae
1618 1085 1800 1126 naves
1838 1087 1909 1125 eo
1951 1069 2219 1128 conveni-

216 1163 370 1222 rent,
429 1152 504 1210 ad
559 1152 762 1209 horam
817 1171 1028 1210 nonam
1083 1153 1144 1209 in
1200 1155 1470 1211 anchoris
1518 1158 1896 1232 exspectavit.
1981 1157 2221 1216 Interim

215 1241 432 1319 legatis
477 1241 839 1315 tribunisque
889 1241 1136 1299 militum
1178 1244 1526 1313 convocatiS,
1557 1254 1613 1302 et
1640 1264 1791 1320 quae
1820 1265 1893 1302 ex
1922 1241 2219 1306 Volhseno
2247 1255 2323 1312 10

215 1331 602 1408 cognovisset,
646 1339 704 1387 et
739 1349 891 1406 quae
937 1330 1064 1388 fieri
1098 1330 1294 1400 vellet,
1337 1332 1601 1402 ostendit,
1632 1335 1967 1408 monuitque
1999 1335 2093 1412 (ut
2134 1337 2219 1394 rei

215 1420 493 1477 militaris
521 1420 686 1489 ratio,
717 1420 970 1476 maxime
1001 1429 1064 1476 ut
1093 1421 1417 1478 maritimae
1448 1439 1543 1478 res
1572 1421 1945 1496 postularent,
1978 1433 2041 1480 ut
2066 1443 2219 1498 quae

213 1509 478 1567 celerem
507 1509 680 1584 atque
709 1509 1036 1566 instabilem
1079 1519 1300 1566 motum
1341 1508 1667 1585 habereut),
1698 1508 1769 1566 ad
1798 1520 2005 1566 nutum
2047 1520 2105 1568 et
2146 1511 2221 1568 ad

214 1608 452 1674 tempus
499 1615 698 1655 omnes
741 1615 836 1654 res
877 1598 950 1654 ab
979 1598 1052 1654 iis
1079 1597 1643 1654 administrarentur.
1728 1596 1839 1654 His
1867 1598 2133 1668 dimissis,
2163 1609 2223 1658 et

216 1697 462 1746 ventum
491 1696 548 1744 et
575 1695 802 1744 aestum
831 1705 950 1744 uno
990 1695 1246 1761 tempore
1289 1695 1498 1743 nactus
1524 1685 1867 1756 secundum,
1896 1687 2027 1746 dato
2054 1689 2221 1766 signo
2247 1698 2323 1756 15

215 1787 278 1836 et
325 1775 572 1834 sublatis
613 1775 898 1844 anchoris,
929 1775 1164 1832 circiter
1204 1774 1394 1831 millia
1431 1793 1709 1850 passuum
1737 1793 1825 1838 vn
1868 1776 1942 1834 ab
1982 1795 2053 1835 eo
2093 1777 2219 1836 loco

219 1883 580 1943 progressus,
611 1874 806 1940 aperto
833 1883 905 1922 ac
929 1863 1106 1939 <plano
1133 1864 1300 1922 litore
1325 1882 1509 1922 naves
1534 1865 1849 1924 constituit.

304 1953 528 2012 XXIV.
559 1954 680 2010 -At
729 1953 980 2022 barbari,
1031 1953 1270 2013 consilio
1313 1952 1711 2011 Romanorum
1754 1957 2003 2032 cognito,
2054 1975 2217 2034 prae-

217 2044 398 2102 misso
425 2044 684 2119 equitatu
713 2053 771 2101 et
797 2042 1122 2112 essedariis,
1153 2061 1268 2118 quo
1309 2043 1655 2120 plerumque
1694 2063 1910 2122 genere
1952 2047 2013 2104 in
2055 2067 2215 2124 proe.

218 2134 320 2192 liis
347 2135 432 2193 uti
459 2144 832 2204 consuerunt,
863 2133 1107 2209 reliquis
1135 2134 1316 2211 copiis
1355 2135 1673 2205 subsecuti,
1702 2146 1925 2195 nostros
1964 2140 2217 2199 navibus
2240 2145 2321 2203 2⁰

217 2224 423 2301 egredi
449 2224 848 2301 prohibebant.
935 2223 1084 2281 Erat
1110 2225 1183 2281 ob
1210 2225 1316 2281 has
1357 2243 1569 2282 causas
1612 2244 1842 2283 summa
1882 2227 2215 2299 difficultas,

217 2314 376 2390 quod
403 2332 586 2371 naves
613 2322 842 2389 propter
870 2313 1346 2389 magnitudinem,
1378 2314 1490 2371 nisi
1532 2314 1591 2371 in
1636 2314 1770 2383 alt0,
1801 2317 2071 2373 constitui
2100 2336 2221 2375 non

219 2412 522 2480 poterant;
569 2402 852 2459 militibus
893 2414 1088 2459 autem
1129 2403 1343 2478 ignotis
1388 2402 1553 2471 locis,
1593 2402 1881 2478 impeditis
1926 2405 2215 2480 manibus,

219 2511 434 2569 magno
462 2501 520 2551 et
545 2492 716 2568 gravi
745 2509 1040 2549 armorum
1067 2509 1241 2549 onere
1263 2491 1567 2567 oppressis,
1590 2490 1765 2547 simul
1794 2500 1851 2548 et
1878 2491 1949 2548 de
1970 2491 2219 2551 navibus

217 2581 627 2651 desiliendum,
669 2589 730 2637 et
769 2580 829 2637 in
873 2581 1152 2638 fluctibus
1195 2579 1647 2649 consistendum,
1678 2588 1735 2637 et
1776 2598 1915 2637 cum
1959 2580 2217 2639 hostibus
2241 2586 2326 2643 25

217 2680 348 2731 erat
376 2670 794 2747 pugnandum:
835 2685 1020 2745 quum
1061 2670 1151 2727 illi
1195 2679 1296 2725 aut
1337 2687 1412 2725 ex
1454 2667 1633 2735 aride,
1678 2678 1779 2725 aut
1819 2668 2127 2743 paululum
2154 2671 2219 2728 in

219 2780 438 2837 aquam
468 2759 773 2837 progressi,
802 2760 1072 2816 omnibus
1099 2758 1377 2815 membris
1417 2755 1687 2831 expediti,
1718 2758 2031 2815 notissimis
2072 2758 2217 2817 locis

219 2850 508 2909 audacter
551 2849 670 2907 tela
717 2849 1090 2923 conjicerent,
1142 2856 1199 2904 et
1247 2864 1427 2920 equos
1482 2844 1833 2903 insuefactos
1888 2847 2213 2907 incitarent.

217 2940 458 3005 Quibus
499 2939 672 2997 rebus
715 2938 895 2995 nostri
937 2936 1244 3013 perterriti,
1275 2944 1451 3010 atque
1500 2934 1677 3011 hujus
1716 2937 1947 2995 omnino
1984 2938 2221 3013 generis

219 3048 455 3105 pugnae
485 3028 754 3105 imperiti,
785 3044 900 3084 non
943 3026 1146 3085 eadem
1187 3025 1487 3084 alacritate
1532 3045 1601 3083 ac
1643 3025 1847 3097 studi0‚
1878 3046 1993 3102 quo
2020 3028 2081 3083 in
2122 3045 2215 3103 pe·
2243 3028 2321 3085 80

219 3117 510 3175 destribus
538 3117 618 3174 uti
650 3115 886 3192 proeliis
912 3124 1350 3185 consueverant,
1382 3116 1731 3173 nitebantur.

303 3206 498 3265 XXV.
543 3206 716 3273 Quod
761 3206 862 3262 ubi
894 3205 1112 3263 Caesar
1141 3206 1568 3275 animadvertit,
1605 3223 1785 3263 naves
1828 3204 2049 3281 longas,
2078 3224 2217 3281 qua-

219 3316 356 3355 rum
399 3306 456 3354 et
483 3297 710 3371 species
753 3304 880 3353 erat
908 3296 1172 3353 barbaris
1215 3296 1557 3365 inusitatior,
1600 3304 1659 3353 et
1700 3304 1889 3353 motus
1930 3294 2001 3355 ad
2048 3314 2220 3363 usum

217 3385 556 3463 expeditior,
598 3384 842 3462 paulum
883 3384 1167 3441 removeri
1211 3385 1286 3440 ab
1313 3385 1595 3442 onerariis
1633 3384 1899 3453 navibus,
1942 3393 1999 3441 et
2044 3384 2221 3441 remis

218 3474 474 3543 incitari,
519 3483 578 3532 et
621 3475 694 3531 ad
735 3473 890 3531 latus
939 3482 1202 3549 apertum
1245 3474 1497 3539 hostium
1536 3472 1825 3541 constitui,
1872 3481 2045 3547 atque
2085 3472 2217 3529 inde
2244 3472 2323 3527 85

221 3564 436 3633 fundis,
459 3564 703 3641 sagittis,
734 3562 1049 3631 tormentis,
1073 3562 1264 3619 hostes
1293 3561 1535 3639 propelli
1558 3580 1630 3618 ac
1658 3560 1987 3617 submoveri
2009 3561 2217 3635 jussitz

219 3672 374 3729 quae
403 3670 499 3711 res
535 3670 748 3729 magno
785 3652 920 3711 usui
949 3651 1158 3709 nostris
1187 3648 1314 3707 fuit.
1400 3649 1559 3707 Nam
1586 3659 1645 3707 et
1664 3648 1903 3707 navium
1922 3649 2133 3725 figura,
2162 3658 2221 3707 et

221 3758 517 3801 remorum
573 3752 750 3811 motu,
807 3751 866 3799 et
918 3740 1192 3799 inusitato
1246 3756 1463 3817 genere
1517 3746 1930 3797 tormentorum
1978 3738 2219 3813 permoti

221 3830 458 3889 barbari
505 3831 900 3900 constiterunt,
951 3850 1024 3889 ac
1071 3829 1310 3906 paulurn
1368 3827 1535 3887 modo
1594 3828 1799 3905 pedem
1866 3826 2215 3887 retulerunt.
