2709 4300
219 2652 294 2817 s·

425 277 510 343 a
1127 285 1216 336 ΒΕ
1253 284 1465 334 13an
1494 283 1780 334 GALLloo
2199 282 2339 339 ICAr.
2359 289 2524 331 ,Εὖ-88.

611 423 838 486 xxvl.
879 423 1118 494 enom,
1131 442 1318 500 quum
1343 423 1645 500 septimam
1673 421 1981 498 legionem,
2004 439 2161 497 quae
2184 420 2357 496 juxta
2384 439 2529 481 con-

527 515 772 584 stiterat,
791 515 930 572 item
951 515 1150 591 urge-ri
1167 513 1240 572 ab
1267 513 1427 572 hoste
1446 511 1695 581 vidisset,
1718 511 1983 570 tribunos
1996 511 2247 570 militnm
2274 511 2528 580 monuit,

527 615 598 664 nt
623 604 904 681 paulatim
929 623 1060 664 sese
1087 604 1346 680 legiones
1386 602 1825 678 conjungerent,
1852 612 1911 660 et
1950 619 2235 662 conversa
2258 603 2435 679 signa
2462 603 2530 660 in

529 693 722 752 hostes
747 692 1050 752 inferrent.
1133 693 1270 758 Quo
1297 691 1468 762 facto,
1496 709 1683 767 quum
1722 690 1875 750 alius
1914 691 2017 750 alii
2052 691 2381 751 subsidium
2410 690 2527 752 fer-

463 781 506 836 δ
533 791 682 852 rent,
709 800 900 858 neque
939 783 1230 850 timerent,
1257 798 1332 840 ne
1378 781 1569 838 aversi
1612 779 1687 838 ab
1726 781 1887 838 hoste
1930 781 2525 851 circumvenirentur,

531 871 816 930 audacius
863 871 1129 930 resistere
1177 888 1250 928 ac
1298 869 1501 928 fortius
1544 887 1807 946 pugnare
1858 879 2193 946 coeperunt.
2278 868 2527 929 Interim

527 961 744 1023 milites
769 961 1063 1038 legionum
1091 959 1361 1028 duarum,
1378 977 1531 1034 quae
1550 959 1613 1016 in
1640 958 1951 1018 novissimo
1976 959 2209 1036 agmine
2232 958 2527 1035 praesidio

530 1049 950 1128 impedimentis
997 1047 1244 1118 fuerant,
1295 1046 1515 1126 proelio
1560 1048 1855 1118 nunciato,
1910 1065 2091 1106 cursu
2138 1048 2401 1117 incitato,
2458 1048 2525 1104 in

529 1157 758 1198 summ
799 1139 950 1198 colle
979 1138 1052 1198 ab
1077 1138 1336 1196 hostibus
1375 1137 1899 1214 conspiciebantur.
1980 1137 2059 1194 Et
2087 1136 2163 1204 T.
2198 1136 2523 1200 Labienus,

431 1227 508 1284 10
531 1228 738 1288 castris
763 1228 1009 1286 hostium
1037 1228 1262 1306 potitus,
1279 1236 1338 1284 et
1353 1245 1429 1284 ex
1456 1226 1585 1284 loco
1608 1227 1923 1302 superiore,
1940 1245 2091 1302 quae
2108 1244 2205 1284 res
2221 1227 2283 1284 in
2308 1227 2527 1286 nostrin

501 1318 738 1376 eastris
775 1327 1138 1394 gererentur,
1181 1317 1567 1393 conspicatus,
1602 1315 1889 1374 decimam
1930 1316 2219 1392 legionem
2262 1316 2525 1374 subsidio

533 1408 740 1466 nostris
765 1408 940 1466 misit.
1021 1408 1161 1477 Qui,
1191 1425 1375 1483 quum
1402 1425 1477 1464 ex
1514 1406 1775 1481 equitum
1816 1415 1875 1464 et
1914 1405 2186 1464 calonum
2214 1405 2375 1482 fuga,
2400 1423 2525 1482 quo

533 1497 594 1554 in
621 1497 750 1556 loco
776 1515 872 1556 res
897 1507 1066 1567 esset,
1095 1505 1429 1574 quantoque
1468 1497 1529 1553 in
1558 1495 1817 1572 periculo
1858 1505 1917 1554 et
1956 1505 2147 1554 castra
2172 1503 2233 1552 et
2259 1495 2523 1572 legiones

531 1595 592 1644 et
618 1587 928 1663 imperator
953 1596 1302 1656 versaretur,
1321 1585 1739 1663 cognovissent,
1754 1585 1899 1642 nihil
1928 1584 2001 1642 ad
2028 1584 2387 1644 celeritatem
2406 1585 2522 1643 sibi

424 1673 508 1730 «16
531 1675 744 1752 reliqui
771 1674 1056 1734 fecerunt.

615 1763 864 1822 XXVII.
907 1763 1136 1822 Horum
1155 1764 1407 1821 adventu
1426 1771 1585 1820 tanta
1606 1780 1805 1820 rerum
1820 1763 2197 1822 commutatio
2224 1772 2313 1820 est
2340 1761 2518 1832 faeta,

535 1862 600 1910 ut
627 1853 822 1922 nostri,
849 1853 1026 1910 etiam
1063 1853 1168 1928 qui
1195 1851 1537 1910 vulneribus
1572 1850 1821 1909 consenti
1848 1853 2307 1928 procubuissent,
2334 1853 2521 1912 scutis

531 1941 735 2009 innixi,
783 1941 1070 2016 proelium
1123 1941 1623 2017 redintegrarent3
1692 1950 1821 1998 tum
1872 1942 2127 2011 calones,
2185 1943 2519 2018 perterritos

534 2029 724 2086 hostes
751 2030 1082 2105 conspicati,
1111 2031 1288 2088 etiam
1309 2031 1559 2087 inermes
1580 2031 1817 2088 armatis
1836 2040 2247 2103 occurrerent3
2292 2031 2519 2106 equites

429 2113 510 2171 20
535 2135 690 2188 vero,
719 2125 786 2176 ut
810 2119 1223 2195 turpitudinem
1253 2117 1427 2197 fugae
1456 2119 1667 2177 virtute
1694 2119 1969 2191 delerent,
1990 2120 2258 2178 omnibus
2284 2121 2345 2177 in
2374 2121 2519 2181 locis

533 2226 764 2285 pugnae
783 2226 846 2265 se
867 2207 1202 2285 legionariis
1227 2210 1505 2267 militibus
1532 2209 1911 2286 praeferrent.
1996 2210 2081 2267 At
2108 2211 2317 2280 hostes,
2340 2211 2517 2269 etiam

529 2297 594 2355 in
611 2308 870 2357 extrema
885 2317 986 2374 spe
1011 2298 1234 2369 salutis,
1251 2309 1471 2357 tantam
1490 2300 1761 2357 virtutem
1782 2300 2209 2376 praestiterunt,
2228 2310 2311 2371 ut,
2334 2318 2517 2376 quum

533 2387 704 2464 primi
730 2406 932 2447 oomni
955 2387 1316 2459 cecidissent,
1345 2389 1593 2465 proximi
1616 2388 1945 2464 jacentibus
1972 2389 2319 2459 insisterent,
2344 2402 2517 2465 atque

527 2495 606 2535 ex
645 2495 848 2535 eorum
889 2476 1222 2554 corporibus
1249 2487 1609 2554 pugnarent3
1670 2478 1759 2535 his
1786 2477 2027 2554 dejectis
2066 2486 2123 2536 et
2160 2480 2518 2538 coacervatis

425 2564 506 2621 25
533 2550 934 2635 canaveribus,
977 2566 1080 2641 qui
1121 2575 1509 2641 superessent,
1556 2576 1623 2625 ut
1648 2586 1722 2625 ex
1762 2568 2007 2637 tumu10,
2048 2567 2167 2626 tela
2208 2568 2271 2625 in
2298 2578 2519 2627 nostros

529 2654 886 2731 conjicerent
911 2664 970 2712 et
995 2654 1114 2731 pila
1139 2646 1461 2731 intercepta
1480 2657 1868 2715 remitterent:
1914 2666 1979 2715 ut
1994 2676 2107 2715 non
2124 2658 2520 2735 nequidquam

527 2753 726 2801 tantae
751 2744 980 2803 virtutis
1019 2744 1280 2803 homines
1321 2744 1577 2821 judicari
1616 2745 1852 2803 deberet
1892 2764 2063 2805 ausos
2100 2766 2229 2805 esse
2270 2748 2521 2805 transire

532 2832 874 2891 latissimum
903 2832 1138 2904 flumen,
1167 2834 1479 2893 ascendere
1508 2834 1819 2892 altissimas
1848 2836 2019 2911 ripas,
2050 2836 2250 2895 subire
2278 2838 2518 2911 iniquis-

529 2922 744 2979 simum
771 2922 964 2979 locum
986 2942 1004 2979 t
1045 2941 1198 2997 quae
1227 2922 1425 2981 facilia
1466 2942 1539 2982 ex
1578 2922 1937 2984 difficillimis
1978 2925 2155 2983 animi
2182 2927 2522 3001 magnitudo

427 3010 508 3068 30
533 3010 856 3086 redegerat.

613 3098 891 3157 XXVIII.
937 3098 1068 3157 Hoc
1115 3100 1336 3175 proelio
1380 3100 1551 3173 facto,
1608 3112 1667 3160 et
1714 3121 1891 3179 prope
1939 3104 2013 3161 ad
2063 3104 2519 3163 internecionem

531 3200 702 3267 gente
729 3208 803 3249 ao
829 3190 1060 3247 nomine
1088 3188 1445 3247 Nerviorum
1476 3191 1725 3262 redacto,
1754 3193 2005 3269 majores
2024 3202 2185 3263 natu,
2214 3212 2358 3268 quos
2400 3212 2519 3253 una

531 3296 670 3337 cum
711 3280 906 3355 pueris
946 3278 1403 3355 mulieribusque
1444 3280 1505 3337 in
1535 3281 1825 3339 aestuaria
1862 3300 1935 3339 ac
1962 3282 2205 3359 paludes
2242 3282 2519 3341 collectos

533 3366 882 3438 dixeramus,
913 3370 1022 3443 hac
1051 3386 1254 3445 pugna
1281 3370 1579 3439 nunciata,
1608 3389 1791 3446 quum
1820 3372 2137 3430 victoribus
2164 3372 2309 3429 nihil
2337 3372 2513 3448 impe-

422 3456 508 3509 35
535 3454 734 3526 ditum,
763 3458 934 3515 victis
972 3459 1116 3515 nihil
1157 3467 1348 3516 tutum
1394 3460 1829 3532 arbitrarentur,
1872 3463 2149 3531 omnium,
2178 3462 2282 3537 qui
2318 3480 2511 3537 super-

525 3555 716 3616 erant,
773 3564 1058 3604 consensu
1113 3546 1332 3624 legatos
1382 3548 1454 3605 ad
1508 3548 1823 3609 Caesarem
1879 3553 2177 3621 miserunt,
2226 3568 2405 3625 seque
2456 3552 2511 3608 ei

520 3632 872 3695 dediderunt
895 3654 912 3707 3
969 3646 1044 3705 et,
1089 3638 1150 3693 in
1192 3639 1699 3699 commemoranda
1742 3640 1994 3698 civitatis
2036 3640 2385 3709 calamitate,
2436 3658 2509 3697 ex

521 3740 606 3781 am
633 3724 708 3779 ad
733 3742 802 3781 111
829 3732 1137 3791 senatores,
1181 3744 1255 3781 ex
1297 3728 1595 3785 hominum
1642 3728 1900 3787 millibus
1944 3748 2021 3787 Lx
2064 3730 2161 3787 vix
2204 3728 2275 3786 ad
2318 3746 2375 3799 1),
2412 3729 2509 3802 qui

536 3826 698 3864 arma
727 3809 902 3867 -ferre
956 3822 1200 3885 possent,
1255 3832 1383 3871 sese
1438 3814 1701 3873 redactos
1768 3836 1895 3875 esse
1950 3818 2244 3877 dixerunt.
2350 3817 2507 3882 Quos

903 4278 986 4284 -..„—.-.
997 4279 1036 4284 ..-..
1043 4278 1359 4285 ..-.*..-..-—-„....-.„„-—
1368 4281 1405 4284 *-
