2709 4300
209 295 324 340 cn.
343 293 516 346 21-221
619 273 642 296 ⁸
1019 292 1210 340 uni-:a
1247 292 1503 340 ruimus,
2212 283 2301 342 28

203 431 494 502 ostendit3
537 448 688 505 quae
715 430 838 506 ipse
883 429 1184 507 intelligat,
1225 449 1377 506 quae
1418 429 1627 490 civitas
1666 441 1966 506 queratur,
1996 447 2191 507 propo-

205 523 330 580 nit:
372 531 582 590 monet,
615 530 678 578 ut
705 521 764 578 in
797 521 1088 596 reliquum
1113 531 1342 597 tempus
1384 539 1583 579 omnes
1622 521 1981 598 suspiciones
2010 507 2189 592 viiet3

207 611 523 688 praeterita
571 629 636 668 se
683 609 976 669 Divitiaco
1023 609 1190 669 fratri
1233 610 1563 670 condonare
1606 611 1765 670 dicit.
1848 609 2195 689 Dumnorigi

201 700 480 760 custodes
497 700 672 776 ponit,
697 709 778 769 ut,
795 718 946 774 quae
965 709 1118 776 agat,
1139 701 1489 775 quibuscum
1512 701 1799 776 loquatur,
1820 701 1975 758 scire
1995 701 2189 776 possit.

294 790 458 849 XXI.
503 789 724 848 Eodem
751 789 846 847 die
893 789 966 846 ab
1005 789 1461 866 exploratoribus
1502 791 1715 849 certior
1756 790 1963 860 sactus,
2006 791 2195 850 hostes
2218 795 2259 850 ὅ

203 880 322 938 sub
347 890 541 938 monte
563 878 894 938 consedisse
921 877 1106 936 millia
1145 898 1423 956 passuum
1452 880 1525 938 ab
1568 880 1747 957 ipsius
1774 881 1983 938 castris
2018 891 2149 938 octo
2172 899 2190 953 3

205 969 402 1044 qualis
427 978 578 1028 esset
605 978 816 1026 natura
841 969 1068 1038 montis,
1095 978 1154 1026 et
1179 969 1371 1044 qualis
1398 969 1459 1026 in
1486 969 1739 1028 circuitu
1768 987 2065 1040 ascensus,
2094 971 2196 1044 qui

203 1067 644 1135 cognoscerent,
683 1057 856 1115 misit.
941 1057 1377 1118 Renunciatum
1426 1068 1533 1129 est,
1584 1057 1819 1116 facilem
1866 1077 2018 1118 esse.
2102 1057 2197 1117 De

204 1150 382 1206 tertia
407 1147 610 1224 vigilia
639 1146 716 1204 T.
747 1145 1096 1218 Labienum,
1125 1148 1383 1226 legatum
1426 1165 1531 1225 pro
1570 1157 1853 1224 praetore,
1888 1167 2027 1208 cum
2054 1147 2195 1206 dua-

206 1239 320 1296 bus
347 1237 672 1314 legionibus
697 1247 754 1296 et
783 1237 858 1294 iis
904 1237 1170 1307 ducibus,
1197 1238 1300 1314 qui
1327 1239 1439 1296 iter
1464 1247 1871 1314 cognoverant,
1898 1255 2195 1296 summum
2223 1243 2301 1300 1⁰
2410 1243 2419 1250 ’

197 1329 418 1405 jugum
445 1327 654 1386 montis
681 1326 992 1386 ascendere
1013 1327 1218 1402 jubet3
1261 1327 1403 1403 quid
1430 1328 1525 1384 sui
1550 1327 1779 1386 consilii
1805 1329 1897 1397 sit,
1924 1327 2191 1386 ostendit.

103 1487 120 1496 ,
205 1420 340 1496 Ipse
383 1417 456 1476 de
495 1428 707 1494 quarta
733 1419 936 1496 vigilia
981 1417 1184 1476 eodem
1233 1418 1459 1490 itinere,
1486 1436 1603 1493 quo
1650 1418 1845 1475 hostes
1884 1419 2093 1488 ierant,
2122 1418 2197 1476 ad

203 1529 308 1568 eos
349 1507 656 1590 contendit,
685 1509 1124 1584 equitatumque
1149 1525 1383 1566 omnem
1420 1517 1559 1566 ante
1586 1527 1651 1566 se
1678 1508 1869 1566 mittit.
1953 1507 2019 1565 P.
2048 1507 2195 1566 Con-

199 1599 410 1668 sidius,
440 1598 540 1674 qui
567 1600 652 1657 rei
679 1599 946 1656 militaris
974 1598 1356 1675 peritissimus
1382 1597 1721 1668 habebatur,
1751 1607 1808 1656 et
1835 1599 1897 1656 in
1932 1599 2196 1656 exercitu

203 1687 284 1746 L.
315 1688 540 1757 Sullae,
567 1698 626 1746 et
653 1699 848 1765 postea
873 1689 936 1745 in
965 1687 1050 1745 M.
1081 1687 1282 1746 Crassi
1323 1686 1531 1758 fuerat,
1560 1705 1698 1746 cum
1740 1687 2197 1764 exploratoribus
2226 1689 2301 1745 15

203 1779 614 1855 praemittitur.

291 1868 486 1928 XXII.
529 1869 726 1926 Prima
773 1869 926 1939 luce,
975 1885 1158 1943 quum
1207 1885 1471 1927 summus
1516 1887 1681 1927 mons
1726 1887 1765 1926 a
1814 1867 1891 1927 T.
1936 1867 2197 1928 Labieno

203 1968 523 2028 teneretur,
553 1959 676 2034 ipse
705 1958 778 2016 ab
804 1959 1054 2016 hostium
1095 1960 1302 2016 castris
1339 1975 1457 2017 non
1496 1959 1729 2036 longius
1756 1959 1917 2018 mille
1944 1970 2003 2018 et
2028 1961 2192 2036 quin-

203 2049 404 2126 gentis
430 2049 692 2124 passibus
720 2049 962 2118 abesset,
983 2065 1192 2123 neque,
1211 2057 1278 2106 ut
1297 2058 1495 2125 postea
1522 2065 1595 2106 ex
1622 2049 1867 2126 captivis
1894 2051 2192 2126 comperit,

203 2148 314 2197 aut
355 2137 536 2215 ipsius
575 2137 878 2208 adventus,
907 2145 1010 2197 aut
1036 2136 1302 2209 Labieni,
1331 2139 1599 2217 cognitus
1638 2150 1825 2199 esset:
1868 2139 2191 2212 Considius,
2218 2141 2299 2197 20

203 2247 366 2305 equo
393 2227 656 2298 admisso,
685 2228 759 2285 ad
787 2245 924 2285 eum
953 2228 1248 2301 accurrit3
1291 2228 1433 2297 dicit
1450 2239 1720 2300 montem,
1750 2248 1926 2305 quem
1956 2249 1993 2288 a
2020 2229 2194 2288 Labi-

205 2338 326 2376 eno
359 2317 636 2395 occupari
663 2318 930 2387 voluerit,
961 2318 1036 2375 ab
1075 2317 1332 2377 hostibus
1372 2320 1597 2391 teneri3
1642 2319 1700 2376 id
1741 2338 1810 2377 se
1844 2338 1919 2378 ex
1948 2319 2199 2379 Gallicis

205 2409 394 2465 armis
437 2417 608 2484 atque
651 2407 976 2484 insignibus
1014 2408 1375 2485 cognovisse.
1456 2408 1679 2465 Caesar
1718 2426 1857 2466 suas
1896 2408 2094 2484 copias
2136 2409 2199 2466 in

207 2497 540 2575 proximum
587 2496 798 2555 collem
845 2496 1134 2567 subducit,
1191 2498 1382 2555 aciem
1430 2497 1681 2555 instruit.
1765 2496 2081 2567 Labienus,
2134 2507 2199 2555 ut

207 2597 340 2647 erat
367 2588 422 2645 ei
447 2596 822 2665 praeceptum
851 2604 886 2643 a
921 2585 1194 2657 Caesare,
1224 2604 1298 2645 ne
1335 2586 1627 2663 proelium
1656 2587 2057 2657 committeret,
2084 2587 2199 2646 nisi
2216 2590 2297 2647 25

209 2679 398 2754 ipsius
423 2678 624 2754 copiae
669 2694 844 2753 prope
885 2677 1134 2735 hostium
1175 2686 1365 2735 castra
1396 2677 1555 2735 visae
1596 2687 1805 2745 essent,
1836 2685 1899 2734 ut
1944 2676 2198 2752 undique

211 2785 334 2825 uno
359 2776 612 2842 tempore
639 2764 698 2823 in
726 2766 916 2825 hostes
943 2766 1192 2845 impetus
1233 2766 1417 2835 fieret,
1446 2774 1637 2822 monte
1672 2775 1953 2841 occupato
1980 2775 2199 2825 nostros

209 2856 600 2932 exspectabat,
645 2856 978 2932 proelioque
1025 2855 1365 2915 abstinebat.
1452 2853 1643 2911 Multo
1680 2854 1931 2931 denique
1960 2854 2053 2913 die
2094 2872 2199 2934 per

207 2948 602 3024 exploratores
645 2948 864 3006 Caesar
909 2948 1198 3025 cognovit,
1249 2958 1306 3007 et
1355 2957 1607 3005 montem
1650 2965 1687 3006 a
1728 2948 1851 3006 suis
1892 2949 2097 3018 teneri,
2138 2957 2197 3005 et

211 3038 514 3095 Helvetios
541 3048 732 3097 castra
759 3038 1024 3108 movisse,
1063 3048 1122 3097 et
1163 3038 1519 3107 Considium,
1562 3038 1767 3097 timore
1808 3039 2195 3116 perterritum,
2218 3036 2295 3091 30

207 3127 364 3203 quod
405 3146 520 3185 non
550 3126 802 3197 vidisset,
847 3144 950 3205 pro
993 3128 1116 3186 viso
1159 3128 1269 3186 sibi
1312 3128 1708 3186 renunciasse.
1794 3128 1885 3185 Eo
1924 3127 2037 3197 die,
2082 3144 2197 3203 quo

211 3225 520 3275 consuerat
547 3216 866 3286 intervallo,
911 3217 1103 3275 hostes
1143 3216 1425 3293 sequitur,
1456 3227 1513 3276 et
1554 3218 1740 3275 millia
1767 3234 2045 3294 passuum
2084 3216 2196 3274 tria

211 3306 288 3362 ab
315 3324 518 3363 eorum
545 3306 752 3364 castris
777 3316 973 3364 castra
998 3308 1178 3383 ponit.

295 3394 516 3453 XXIII.
559 3396 838 3454 Postridie
863 3394 994 3471 ejus
1019 3396 1153 3465 diei,
1175 3396 1327 3473 quod
1355 3398 1589 3455 omnino
1608 3394 1847 3452 biduum
1874 3401 2193 3472 supererat,

209 3502 396 3560 quum
440 3485 702 3543 exercitu
745 3484 1102 3545 frumentum
1147 3487 1338 3545 metiri
1380 3495 1681 3562 oporteret,
1722 3494 1781 3542 et
1822 3485 1971 3561 quod
2022 3504 2059 3543 a
2098 3484 2192 3545 Bi·
2216 3482 2293 3537 85

212 3575 430 3644 bracte,
479 3574 688 3652 oppido
734 3574 1076 3633 Aeduorum
1125 3576 1296 3653 longe
1360 3575 1615 3633 maximo
1662 3592 1733 3632 ac
1780 3574 2191 3651 copiosissimo,

213 3681 326 3721 non
375 3664 628 3741 amplius
675 3664 936 3722 millibus
975 3683 1254 3741 passuum
1287 3679 1443 3723 xvm
1494 3664 1710 3734 aberat,
1754 3664 1837 3721 rei
1880 3662 2192 3723 frumenta-

213 3754 334 3811 riae
361 3752 826 3831 prospiciendum
867 3753 1234 3823 existimavit,
1275 3754 1387 3812 iter
1415 3753 1489 3811 ab
1533 3753 1823 3812 Helvetiis
1864 3753 2089 3824 avertit,
2120 3772 2193 3812 ac

214 3840 482 3902 Bibracte
527 3844 612 3903 ire
661 3842 971 3903 contendit.
1055 3842 1150 3901 Ea
1198 3861 1294 3902 res
1335 3862 1439 3921 per
1488 3841 1761 3921 fugitives
1806 3842 1883 3903 L.
1932 3843 2191 3912 Aemilii,
