2709 4300
363 217 452 281 u
1079 223 1166 270 mi:
1201 220 1413 270 mm
1450 220 1739 270 Gannico
2228 219 2365 273 [Car.
2388 225 2469 266 411.

465 362 790 422 existimari
839 359 1124 428 volebant,
1173 377 1286 418 non
1347 377 1413 416 se
1461 358 1683 416 hostem
1730 357 1946 426 vereri,
1988 356 2091 414 sed
2152 357 2471 434 angustias

465 451 706 521 itineris,
735 459 794 508 et
821 449 1277 526 magnitudinem
1303 447 1629 522 sylvarum,
1660 465 1811 521 quae
1840 445 2267 503 intercederent
2302 447 2471 502 inter

465 540 620 618 ipen·
645 550 818 615 atque
847 538 1228 606 Ariovistum,
1255 547 1359 596 aut
1383 554 1507 594 rem
1536 535 1997 603 frumentariam,
2028 544 2091 592 ut
2118 535 2261 592 satis
2296 553 2465 592 eom

465 628 632 688 mode
673 627 998 704 supportari
1047 635 1250 702 posset,
1300 625 1507 684 timere
1554 623 1843 682 dicebant.
1944 623 2233 682 Nonnulli
2273 625 2465 682 etiam

399 721 440 780 ὅ
465 717 708 778 Caesari
753 715 1195 786 renunciabant,
1241 732 1427 790 quum
1474 723 1668 772 eastra
1716 714 1935 772 moveri
1983 731 2056 770 ae
2096 713 2265 790 signa
2314 713 2465 771 ferri

460 805 746 883 jussisset,
767 823 884 864 non
903 803 1028 863 fore
1045 803 1202 864 dieto
1219 801 1524 862 audientes
1544 802 1773 872 milites,
1796 820 1911 860 nee
1931 813 2162 880 propter
2188 803 2463 860 timorem

465 894 632 972 signa
659 895 896 952 laturos.

549 981 682 1042 XL.
725 981 894 1040 Haec
961 999 1144 1057 quum
1213 979 1735 1050 animadvertisset,
1798 991 2118 1040 convocato
2182 981 2461 1051 coneilio,

465 1073 838 1147 omniumque
875 1069 1140 1128 ordinum
1167 1071 1241 1128 ad
1269 1069 1326 1128 id
1355 1069 1669 1128 concilium
1696 1068 1970 1128 adhibitis
1996 1071 2461 1138 centurionibus,

367 1163 442 1222 10
469 1161 839 1220 vehementer
863 1179 971 1218 eos
1009 1160 1334 1218 incusavit:
1380 1158 1659 1226 Primum,
1687 1157 1839 1234 quod
1874 1169 1977 1216 aut
2014 1175 2193 1233 quam
2234 1159 2295 1216 in
2324 1175 2457 1234 par·

463 1259 602 1319 tem,
631 1259 732 1308 aut
757 1268 874 1325 quo
911 1249 1150 1308 consilio
1177 1247 1550 1316 ducerentur,
1578 1247 1685 1304 sibi
1728 1247 2125 1322 quaerendum
2170 1257 2271 1304 aut
2298 1249 2458 1324 eogi-

465 1339 704 1401 tandum
733 1347 1019 1415 putarent.
1080 1337 1459 1406 Ariovistum,
1478 1355 1541 1394 se
1562 1336 1821 1404 consule,
1850 1336 2221 1411 cupidissime
2250 1337 2459 1414 Populi

433 1439 438 1442 '
467 1427 715 1488 Romani
743 1427 1060 1484 amicitiam
1079 1426 1363 1502 appetisse
1384 1445 1402 1497 3
1446 1443 1557 1482 eur
1574 1425 1733 1482 hune
1758 1434 1877 1482 tam
1906 1434 2125 1482 temere
2143 1427 2459 1501 quiequam

465 1517 544 1574 ab
567 1516 758 1574 officio
797 1516 1190 1574 discessurum
1229 1513 1521 1590 judiearet
1540 1514 1567 1570 ’ἒ
1648 1513 1773 1570 Sibi
1816 1513 2051 1588 quidem
2094 1515 2457 1589 persuaderi,

367 1611 440 1668 15
466 1606 712 1682 eognitis
737 1605 860 1662 suis
877 1604 1194 1680 postulatis,
1215 1614 1389 1678 atque
1418 1604 1705 1677 aequitate
1724 1603 2113 1659 conditionum
2132 1613 2456 1679 perspecta,

465 1713 604 1752 eum
641 1712 830 1768 neque
875 1711 1060 1762 suam,
1103 1711 1292 1768 neque
1323 1691 1526 1770 Populi
1558 1689 1801 1751 Romani
1838 1692 2087 1768 gratiam
2125 1693 2455 1768 repudiatu-

467 1800 620 1841 rum.
704 1781 875 1846 Quod
903 1782 955 1838 si
985 1780 1180 1840 furore
1221 1791 1395 1856 atque
1438 1781 1689 1838 amentia
1716 1780 2003 1856 impulsus
2046 1781 2263 1838 bellum
2304 1783 2452 1840 intu-

467 1868 644 1937 lisset,
673 1867 812 1943 quid
839 1868 1068 1925 tandem
1093 1879 1433 1926 vererentur
1452 1869 1479 1924 ’ἔ
1522 1879 1623 1926 aut
1650 1887 1758 1926 our
1784 1868 1855 1926 de
1876 1888 1983 1925 sua
2000 1870 2231 1939 virtute,
2256 1882 2355 1928 aut
2380 1872 2455 1929 de

467 1957 650 2036 ipsius
669 1957 968 2034 diligentia
995 1957 1369 2034 desperarent
1390 1958 1417 2014 ’ἶ
1488 1958 1737 2016 Factum
1766 1957 1895 2032 ejus
1922 1957 2097 2015 hostis
2125 1959 2452 2034 perieulum

361 2053 444 2116 80
469 2056 700 2123 patrum
725 2055 1050 2102 nostrorum
1081 2047 1375 2115 memoria,
1404 2065 1605 2121 quum,
1634 2047 1887 2103 Cimbris
1922 2055 1981 2104 et
2008 2047 2289 2106 Teutonis
2318 2067 2353 2106 a
2378 2049 2449 2106 C.

469 2133 658 2193 Mario
683 2134 884 2211 pulsis,
913 2154 1030 2195 non
1059 2136 1338 2195 minorem
1370 2135 1603 2193 laudem
1632 2136 1941 2204 exereitus,
1970 2154 2145 2211 quam
2188 2137 2311 2213 ipse
2350 2138 2449 2195 im.

469 2233 720 2301 perator,
766 2224 1006 2281 meritus
1051 2224 1387 2282 videbatur:
1450 2223 1669 2283 factum
1712 2225 1886 2282 etiam
1932 2244 2119 2300 nuper
2162 2226 2221 2283 in
2268 2226 2447 2297 Italia,

469 2314 670 2371 servili
695 2313 966 2383 tumultu,
997 2332 1142 2389 quoe
1168 2324 1363 2371 tamen
1392 2314 1611 2389 aliquid
1644 2333 1785 2370 usus
1816 2332 1887 2371 ac
1924 2314 2250 2389 disciplina,
2276 2334 2449 2391 quam

470 2422 508 2461 a
547 2402 710 2461 nobis
753 2404 1152 2479 aooepissent,·
1175 2402 1570 2459 sublevarent.
1657 2401 1751 2459 Ex
1794 2420 1909 2476 quo
1947 2402 2202 2477 judicari
2246 2416 2445 2479 posset,

363 2504 444 2559 25
470 2501 752 2567 quantum
777 2492 1018 2549 haberet
1043 2492 1104 2549 in
1131 2510 1194 2549 se
1222 2491 1354 2550 boni
1382 2491 1739 2562 constantia3
1786 2500 2086 2565 propterea
2112 2492 2281 2567 quod,
2312 2513 2447 2569 quos

471 2579 828 2655 aliquamdiu
855 2581 1104 2639 inermos
1131 2580 1256 2637 sine
1283 2598 1466 2640 eausa
1492 2580 1833 2648 timuissent,
1863 2580 1968 2637 hos
1995 2590 2186 2655 postea
2206 2593 2447 2641 armatos

471 2687 542 2727 ao
571 2669 820 2733 victores
857 2678 1249 2745 superassent.
1335 2666 1601 2743 Denique
1632 2668 1734 2725 hos
1772 2688 1900 2728 esse
1942 2669 2191 2741 eosdem,
2218 2672 2444 2745 quibus-

446 2776 608 2821 -cum
637 2776 1052 2833 saepenumero
1079 2757 1335 2815 Helvetii
1364 2757 1680 2833 eongressi,
1710 2776 1825 2815 non
1864 2758 2053 2815 solum
2082 2760 2141 2815 in
2168 2760 2307 2829 suis,
2350 2762 2445 2817 sed

469 2846 646 2904 etiam
674 2846 736 2903 in
779 2846 1014 2904 illorum
1055 2847 1286 2917 finibus,
1333 2846 1679 2922 plerumque
1723 2847 2070 2923 superarint,
2116 2849 2217 2922 qui
2262 2859 2444 2907 tamen

365 2944 444 3004 30
470 2952 640 3011 pares
667 2953 794 2993 esse
821 2943 1014 2991 nostro
1039 2935 1302 2994 exercitu
1343 2952 1457 2993 non
1488 2936 1793 3011 potuerint.
1876 2936 1942 2991 Si
1968 2955 2115 3011 quos
2142 2937 2443 2995 adversum

469 3023 755 3099 proelium
795 3032 853 3079 et
893 3020 1037 3098 fuga
1065 3022 1373 3079 Gallorum
1416 3034 1819 3093 commoveret,
1850 3025 1970 3094 hoe,
2000 3026 2049 3081 si
2086 3038 2441 3100 quaererent,

470 3113 726 3187 reperire
745 3131 925 3187 posse,
947 3112 1322 3169 diuturnitate
1342 3112 1477 3169 belli
1496 3111 1823 3189 defatigatis
1842 3112 2049 3183 Gallie,
2074 3116 2441 3185 Ariovistum,

469 3219 654 3275 quum
681 3201 892 3259 multos
919 3220 1148 3259 menses
1173 3201 1382 3259 castris
1410 3220 1472 3259 se
1502 3221 1575 3259 ae
1602 3202 1913 3277 paludibus
1938 3204 2233 3273 tenuisset,
2264 3223 2441 3280 neque

469 3289 562 3345 sui
591 3299 924 3365 potestatem
953 3290 1199 3360 fecisset,
1229 3290 1638 3365 desperantes
1616 3310 1739 3365 Jam
1766 3290 1838 3347 de
1869 3310 2064 3367 pugna
2086 3302 2143 3349 et
2170 3293 2441 3395 dispersos

367 3387 446 3448 35
471 3376 657 3435 subito
675 3378 954 3450 adortum,
975 3381 1162 3455 magis
1180 3379 1397 3437 ratione
1416 3388 1473 3436 et
1500 3379 1755 3448 oonsilio,
1774 3400 1952 3455 quam
1970 3381 2201 3450 virtute,
2220 3383 2437 3442 vicisse.

469 3463 582 3521 Cui
631 3466 836 3523 rationi
879 3478 1078 3525 eontra
1123 3468 1383 3526 homines
1427 3468 1701 3525 barbaros
1746 3479 1917 3544 atque
1960 3471 2251 3545 imperitos
2292 3470 2441 3529 locus

471 3550 691 3625 fuisset,
721 3555 836 3613 hae
861 3574 936 3613 ne
977 3557 1168 3634 ipsum
1195 3557 1432 3632 quidem
1472 3575 1726 3632 sperare,
1756 3568 1977 3615 nostros
2002 3560 2295 3617 exereitus
2322 3561 2438 3635 oapi

471 3659 654 3715 posse.
738 3642 860 3707 Qui
889 3662 1064 3715 suum
1084 3644 1348 3701 timorem
1378 3646 1437 3702 in
1460 3646 1543 3701 rei
1564 3644 1977 3705 frumentariae
2004 3648 2436 3717 simulationem,

471 3730 886 3804 angustiasque
929 3730 1204 3786 itinerum
1247 3732 1594 3800 conferrent,
1640 3731 1835 3791 faeere
1880 3746 2233 3813 arroganter,
2272 3756 2437 3812 quum
