2709 4300
426 283 547 366 186
1134 314 1223 362 ns
1264 313 1476 361 13an
1506 311 1792 360 cAaLmo
2201 312 2338 366 [cu.
2359 318 2430 368 ιι,
2449 319 2515 360 ιε.

522 462 730 528 perunt
754 471 768 510 ε
814 451 1029 526 quibus
1058 451 1397 528 profligatis,
1421 467 1626 506 rursus
1651 447 1916 524 oppidani
1945 449 2230 524 perterriti
2257 467 2515 525 compre-

522 541 729 598 hensos
768 560 885 610 eos,
914 559 1165 616 quorum
1206 557 1384 616 opera
1427 540 1652 614 plebem
1701 538 2045 594 concitatam
2089 538 2515 608 existimabant,

520 629 595 686 ad
640 629 955 686 Caesarem
1004 629 1418 704 perduxerunt,
1461 645 1702 701 seseque
1741 627 1798 682 ei
1837 625 2200 684 dediderunt.
2283 625 2520 690 Quibus

520 719 693 776 rebus
748 717 1045 786 confectis,
1095 716 1315 774 Caesar
1371 716 1442 773 ad
1485 715 1758 791 oppidum
1801 713 2146 783 Avaricum,
2189 714 2342 788 quod
2391 726 2520 773 erat

451 817 493 868 5
519 809 841 865 maximum
872 807 1440 878 munitissimumque
1469 805 1528 860 in
1559 803 1774 860 finibus
1802 803 2151 878 Biturigum,
2185 813 2360 878 atque
2389 805 2518 880 agri

520 896 875 954 fertilissima
921 896 1175 970 regione,
1206 892 1498 968 profectus
1541 902 1668 963 est3
1715 891 1886 967 quod,
1915 911 1986 949 eo
2019 892 2222 967 oppido
2261 903 2516 968 recepte,

518 987 812 1042 civitatem
842 985 1173 1059 Biturigum
1202 1001 1264 1040 se
1295 983 1355 1038 in
1387 991 1722 1056 potestatem
1751 981 2124 1038 redacturum
2153 981 2501 1039 confidebat.

600 1075 761 1134 XIV.
805 1074 1268 1149 Vercingetorix,
1314 1081 1394 1128 tot
1442 1073 1732 1129 continuis
1779 1071 2154 1130 incommodis
2196 1071 2516 1130 Vellauno-

518 1164 675 1233 duni,
696 1164 941 1233 Genabi‚
963 1161 1297 1220 Novioduni
1324 1161 1598 1234 acceptis,
1619 1180 1754 1218 suos
1777 1160 1848 1216 ad
1871 1159 2182 1217 concilium
2209 1172 2515 1220 convocat.

416 1257 493 1312 1⁰
518 1251 719 1322 Docet,
751 1251 951 1329 Longe
982 1252 1097 1308 alia
1126 1251 1345 1306 ratione
1375 1268 1502 1306 esse
1531 1250 1749 1322 bellum
1776 1249 2116 1326 gerendum,
2141 1259 2314 1326 atque
2343 1261 2518 1308 antea

516 1343 589 1402 eit
606 1353 869 1419 gestum:
898 1341 1165 1400 omnibus
1188 1339 1374 1396 modis
1401 1339 1538 1396 huic
1561 1340 1646 1396 rei
1667 1339 2034 1408 studendum,
2055 1350 2118 1396 ut
2146 1341 2516 1414 pabulatione

518 1442 575 1489 et
622 1440 951 1488 commeatu
1002 1429 1250 1488 Romani
1302 1429 1734 1504 prohibeantur.
1821 1427 1883 1485 Id
1937 1447 2064 1486 esse
2115 1427 2308 1498 facile,
2359 1429 2516 1505 quod

518 1522 778 1596 equitatu
826 1519 936 1596 ipsi
980 1518 1287 1586 abundent,
1318 1527 1377 1576 et
1417 1517 1570 1591 quod
1613 1517 1750 1574 anni
1795 1523 2052 1594 tempore
2095 1518 2514 1578 subleventur:

518 1611 799 1686 pabulum
844 1609 1033 1666 secari
1082 1625 1195 1678 non
1244 1626 1448 1683 posse3
1495 1606 1826 1664 necessario
1875 1607 2163 1683 dispersos
2203 1607 2398 1665 hostes
2439 1627 2513 1664 ex

420 1703 493 1758 15
518 1699 798 1756 aedificiis
826 1707 1055 1774 petere:
1086 1696 1189 1754 hos
1210 1715 1408 1752 omnes
1429 1695 1684 1770 quotidie
1705 1695 1778 1752 ab
1796 1696 2086 1770 equitibus
2111 1695 2294 1752 deleri
2325 1715 2512 1772 posse.

519 1788 829 1846 Praeterea
854 1787 1061 1844 salutis
1088 1805 1269 1842 causa
1300 1787 1386 1842 rei
1429 1784 1733 1842 familiaris
1773 1785 2076 1843 commoda
2119 1785 2506 1862 negligenda3

518 1879 677 1936 vicos
722 1887 893 1953 atque
922 1876 1189 1933 aedificia
1217 1875 1451 1932 incendi
1479 1887 1740 1951 oportere
1769 1875 1877 1932 hoc
1905 1876 2106 1950 spati0,
2139 1895 2172 1931 a
2199 1875 2342 1932 Boia
2369 1895 2507 1952 quo-

516 1983 852 2038 quoversus,
882 1983 997 2039 quo
1027 1963 1340 2039 pabulandi
1370 1982 1552 2020 causa
1593 1964 1753 2020 adire
1783 1983 1946 2039 posse
1976 1965 2298 2022 videantur.
2386 1965 2507 2022 Ha-

516 2071 649 2110 rum
690 2054 832 2128 ipsis
870 2069 1065 2110 rerum
1108 2053 1333 2128 copiam
1375 2063 1698 2130 suppetere,
1729 2052 1900 2129 quod,
1929 2071 2174 2128 quorum
2205 2055 2262 2110 in
2295 2055 2509 2112 finibus

410 2150 493 2205 20
520 2140 735 2199 bellum
784 2153 1038 2219 geratur,
1088 2160 1289 2201 eorum
1346 2143 1554 2217 opibus
1601 2142 2018 2209 subleventur:
2077 2141 2364 2201 Romanos
2405 2153 2508 2203 aut

512 2231 765 2307 inopiam
792 2250 905 2289 non
934 2231 1173 2301 laturos,
1192 2240 1293 2289 aut
1314 2250 1528 2307 magno
1547 2250 1684 2289 cum
1714 2232 1972 2307 periculo
1999 2233 2229 2307 longius
2247 2252 2281 2290 a
2299 2236 2508 2291 castris

516 2336 953 2397 progressuros:
994 2338 1185 2395 neque
1232 2321 1530 2389 intereoee,
1582 2321 1809 2397 ipsosne
1855 2321 2222 2390 interficiant,
2267 2323 2504 2398 impedi-

516 2411 799 2469 mentisne
852 2420 1087 2483 exuant,
1136 2410 1349 2485 quibus
1399 2409 1642 2478 amissiS,
1688 2410 1904 2470 bellum
1959 2412 2086 2485 geri
2141 2428 2250 2467 non
2307 2413 2500 2487 possit.

518 2498 827 2557 Praeterea
874 2498 1081 2575 oppida
1130 2498 1363 2555 incendi
1407 2509 1688 2573 oportere,
1735 2517 1886 2574 quae
1931 2516 2044 2555 non
2091 2499 2406 2581 munitione
2447 2512 2506 2559 et

407 2596 491 2651 ,25
516 2587 628 2645 loci
673 2598 885 2645 natura
930 2589 1003 2644 ab
1046 2588 1201 2644 omni
1238 2589 1352 2644 sint
1381 2588 1638 2665 periculo
1665 2598 1825 2659 tuta3
1873 2606 1988 2645 neu
2015 2588 2138 2645 suis
2167 2590 2276 2645 sint
2306 2589 2379 2649 ad
2407 2590 2503 2647 de-

516 2676 870 2734 trectandam
920 2677 1187 2734 militiam
1232 2676 1620 2751 receptacula,
1651 2696 1768 2733 neu
1797 2676 2078 2734 Romanis
2106 2679 2390 2754 proposita
2431 2679 2504 2735 ad

514 2767 739 2841 copiam
766 2777 1123 2823 commeatus
1152 2764 1542 2841 praedamque
1570 2766 1903 2823 tollendam.
1989 2764 2158 2823 Haec
2203 2768 2254 2823 si
2298 2768 2506 2843 gravia

516 2864 618 2911 aut
660 2856 871 2911 acerba
914 2855 1237 2923 videantur,
1269 2855 1452 2914 multo
1493 2854 1596 2911 illa
1635 2855 1876 2931 gravius
1921 2856 2226 2912 aestimare
2271 2856 2501 2926 debere,

514 2944 741 3013 liberos,
770 2944 1051 3019 conjuges
1078 2944 1138 2999 in
1166 2946 1504 3000 servitutem
1535 2944 1803 3013 abstrahi,
1834 2944 1985 3019 ipsos
2013 2944 2262 3001 interfici
2286 2964 2303 3016 3
2349 2964 2502 3020 quae

369 3045 375 3052 ’·
403 3042 489 3099 »30
514 3034 587 3091 sit
614 3050 853 3091 necesse
882 3031 1147 3089 accidere
1181 3031 1369 3089 victis„
2057 3028 2072 3057 ‘

596 3121 728 3179 XV.
773 3120 1052 3178 Omnium
1100 3139 1386 3177 consensu
1437 3121 1548 3177 hec
1597 3122 1882 3179 sententia
1928 3122 2184 3197 probata,
2233 3141 2352 3181 uno
2407 3124 2502 3181 die

512 3212 761 3287 amplius
809 3228 891 3269 xx
940 3211 1111 3267 urbes
1161 3209 1495 3286 Biturigum
1544 3210 1950 3268 incenduntur.
2061 3210 2192 3268 Hoc
2241 3212 2397 3269 idem
2437 3214 2502 3271 fit

512 3301 573 3357 in
618 3301 859 3375 reliquis
902 3300 1255 3357 civitatibus.
1340 3298 1408 3356 In
1451 3300 1716 3355 omnibus
1757 3299 2015 3374 partibus
2053 3301 2326 3357 incendia
2365 3320 2498 3359 con-

512 3389 869 3465 spiciuntur:
926 3408 1075 3463 quae
1124 3389 1231 3445 etsi
1280 3406 1491 3465 magno
1537 3407 1674 3444 cum
1723 3388 1916 3445 dolore
1965 3408 2163 3445 omnes
2218 3388 2498 3460 ferebant,

380 3488 485 3543 ’35
512 3488 706 3535 tamen
736 3480 844 3535 hoc
872 3478 981 3534 sibi
1024 3477 1213 3535 solatii
1256 3478 1664 3553 proponebant,
1695 3476 1844 3552 quod
1887 3496 1968 3545 se,
1998 3493 2170 3553 prope
2199 3478 2500 3555 explorata

512 3567 771 3635 victoria,
820 3566 1091 3623 celeriter
1138 3567 1354 3625 amissa
1400 3575 1840 3643 recuperaturos
1896 3566 2276 3623 confidebant.
2381 3566 2495 3625 De-

510 3656 791 3715 liberatur
832 3656 903 3712 de
946 3655 1204 3723 Avarico
1246 3656 1304 3711 in
1333 3655 1627 3713 communi
1655 3655 1920 3725 concilio,
1950 3655 2181 3712 incendi
2220 3656 2496 3731 placeret,

512 3762 587 3800 an
616 3743 864 3801 defendi.
946 3743 1343 3801 Procumbunt
1371 3744 1638 3801 omnibus
1659 3744 1852 3801 Gallis
1877 3744 1951 3801 ad
1981 3744 2152 3821 pedes
2181 3744 2493 3823 Bituriges,

512 3828 613 3887 Ne
658 3830 1109 3902 pulcherrimam
1140 3849 1313 3906 prope
1340 3832 1516 3891 totius
1547 3832 1779 3889 Galliae
1813 3834 2034 3903 urbem,
2065 3852 2214 3909 quae
2243 3844 2302 3893 et
2331 3853 2492 3911 prae-
