2709 4300
364 202 451 260 86
1076 212 1163 258 ns
1196 211 1404 260 annno
1437 210 1725 258 οᾼιιιοο
2189 209 2448 266 [cam.

468 351 621 406 tibus
666 348 894 407 Galliae
942 348 1223 406 citerioris
1264 348 1530 424 peractis,
1575 347 1636 404 in
1677 346 1986 422 Illyricum
2041 346 2448 422 proficiscitur,

466 437 617 513 quod
662 456 697 495 a
740 437 982 496 Pirustis
1022 437 1325 494 finitimam
1374 446 1596 513 partem
1642 437 1972 512 provinciae
2021 436 2454 494 incursionibus

466 527 681 584 vastari
710 526 1001 584 audiebat.
1086 525 1175 583 Eo
1216 545 1400 601 quum
1427 526 1692 594 venisset,
1723 524 2054 583 civitatibus
2095 524 2307 584 milites
2342 525 2448 582 im-

466 626 643 692 perat,
660 626 1001 691 certumque
1030 615 1087 673 in
1118 614 1311 672 locum
1328 615 1636 672 convenire
1657 613 1842 689 jubet.
1899 612 2040 678 Qua
2059 631 2126 670 re
2147 614 2450 684 nunciata,

400 709 441 762 5
468 705 731 762 Pirustae
772 703 993 778 legatos
1038 703 1109 760 ad
1138 721 1273 760 eum
1322 703 1571 771 mittunt,
1599 703 1700 778 qui
1741 701 2000 770 doceant,
2029 701 2196 758 Nihil
2241 719 2452 760 earum

466 811 663 850 rerum
692 792 924 868 publico
953 790 1170 850 facturn
1212 791 1470 860 consilio,
1499 809 1742 866 seseque
1781 800 2008 867 paratos
2047 808 2174 848 esse
2215 789 2450 849 demon-

464 891 647 940 strant
684 881 951 938 omnibus
992 880 1311 936 rationibus
1350 879 1424 936 de
1467 879 1696 953 injuriis
1739 877 2094 938 satisfacere.
2179 879 2453 956 Accepta

464 972 719 1029 oratione
762 988 980 1039 eorum,
1024 969 1243 1026 Caesar
1282 969 1507 1026 obsides
1550 970 1812 1044 imperat,
1855 986 2066 1043 eosque
2111 967 2181 1024 ad
2225 977 2454 1030 certam

466 1061 617 1118 diem
662 1060 869 1118 adduci
908 1060 1105 1134 jubet-t
1164 1059 1275 1114 nisi
1322 1059 1404 1117 ita
1447 1057 1708 1128 fecerint,
1757 1077 1886 1116 sese
1941 1057 2092 1116 bello
2149 1059 2452 1116 civitatem

368 1154 441 1208 10
466 1159 905 1226 persecuturum
950 1147 1316 1206 demonstrat.
1402 1145 1514 1204 His
1557 1146 1628 1205 ad
1671 1146 1824 1205 diem
1869 1147 2146 1215 adductis,
2177 1157 2240 1204 ut
2267 1148 2448 1223 impe-

466 1247 713 1308 raverat,
745 1238 983 1294 arbitros
1012 1239 1161 1294 inter
1188 1237 1452 1294 civitates
1491 1235 1606 1306 dat,
1635 1237 1738 1312 qui
1765 1237 1924 1294 litem
1965 1237 2284 1305 aestiment,
2315 1255 2446 1312 poe-

466 1347 715 1404 namque
744 1329 1111 1386 constituant.

545 1418 621 1477 11.
664 1419 775 1476 His
804 1416 1081 1476 confectis
1110 1417 1299 1486 rebus,
1334 1417 1826 1491 conventibusque
1867 1417 2134 1492 peractis,
2163 1418 2224 1474 in
2253 1417 2445 1474 citeri-

466 1529 625 1568 orem
654 1509 909 1566 Galliam
940 1509 1267 1576 revertitur,
1298 1517 1472 1583 atque
1499 1507 1632 1566 inde
1675 1507 1746 1564 ad
1773 1508 2094 1566 exercitum
2131 1507 2444 1584 proficisci-

368 1603 441 1658 15
466 1609 581 1658 tur.
665 1598 755 1655 Eo
782 1616 961 1674 quum
992 1598 1259 1666 venisset,
1282 1596 1542 1654 circuitis
1557 1596 1822 1654 omnibus
1849 1597 2129 1666 hibernis,
2159 1596 2446 1672 singulari

467 1686 713 1745 militum
750 1686 954 1754 studio,
985 1687 1045 1742 in
1074 1704 1303 1742 summa
1342 1685 1600 1741 omnium
1641 1703 1835 1743 rerum
1864 1685 2072 1761 inopia,
2103 1686 2336 1742 circiter
2372 1703 2444 1742 nc

466 1777 597 1850 ejus
634 1775 882 1851 generisi,
912 1774 1087 1848 cujus
1130 1791 1309 1849 supra
1350 1771 1886 1842 demonstravimus,
1915 1791 2112 1844 naves,
2141 1784 2201 1832 et
2241 1773 2446 1850 longas

466 1881 658 1920 xxvm
702 1864 917 1920 invenit
958 1864 1287 1932 instructae,
1318 1881 1507 1938 neque
1553 1863 1800 1920 multum
1843 1863 2042 1920 abesse
2085 1863 2158 1920 ab
2185 1882 2272 1932 eo,
2303 1864 2446 1939 quin

468 1953 669 2028 paucis
712 1952 915 2009 diebus
956 1952 1165 2011 deduci
1207 1962 1455 2028 possent.
1538 1941 1894 2010 Collaudatis
1934 1952 2227 2021 militibus,
2271 1963 2444 2028 atque

362 2045 443 2100 20
466 2042 540 2098 iis
580 2042 683 2116 qui
732 2043 959 2118 negotio
1007 2041 1395 2118 praefuerant,
1437 2041 1572 2116 quid
1619 2041 1746 2098 fieri
1791 2041 1929 2098 velit
1967 2041 2227 2110 ostendit,
2269 2051 2444 2118 atque

466 2148 665 2189 omnes
692 2129 765 2187 ad
794 2140 1019 2207 portum
1045 2130 1237 2189 Itium
1278 2130 1590 2189 convenire
1609 2131 1810 2206 jubet,
1840 2148 1954 2207 quo
1995 2150 2068 2187 ex
2096 2140 2262 2206 portu
2291 2150 2442 2189 com-

466 2219 860 2276 modissimum
914 2221 976 2277 in
1031 2220 1396 2278 Britanniam
1449 2221 1848 2278 transmissum
1895 2239 2024 2287 esse
2077 2231 2442 2296 cognoverat,

464 2310 701 2367 circiter
729 2308 977 2367 millium
1019 2326 1294 2385 passuum
1338 2326 1461 2367 xxx
1490 2329 1525 2368 a
1565 2310 1894 2367 continenti.
1980 2308 2138 2366 Huic
2179 2310 2264 2365 rei
2293 2309 2442 2384 quod

466 2399 606 2457 satis
634 2418 759 2455 esse
790 2399 979 2455 visum
1022 2408 1107 2455 est
1148 2398 1417 2467 militum,
1461 2398 1732 2473 reliquit:
1776 2399 1896 2475 ipse
1941 2416 2076 2454 cum
2122 2396 2445 2475 legionibus

362 2492 441 2545 25
466 2490 743 2564 expeditis
760 2506 843 2557 1v,
864 2500 921 2545 et
937 2489 1225 2563 equitibus
1243 2507 1380 2545 nccc
1401 2488 1460 2544 in
1477 2488 1622 2544 fines
1641 2487 2018 2545 Trevirorum
2041 2487 2442 2563 proficiscitur,

466 2577 617 2652 quod
644 2578 705 2634 hi
726 2596 915 2652 neque
943 2576 1014 2633 ad
1042 2578 1291 2634 concilia
1318 2577 1643 2645 veniebant,
1667 2596 1854 2653 neque
1877 2576 2118 2652 imperio
2145 2577 2443 2652 parebant,

468 2666 903 2742 Germanosque
934 2666 1410 2724 Transrhenanos
1431 2665 1742 2723 sollicitare
1769 2664 2126 2723 dicebantur.

544 2754 649 2812 ΠΙ.
696 2754 865 2812 Haec
894 2755 1101 2812 civitas
1130 2756 1299 2832 longe
1340 2755 1658 2832 plurimum
1701 2755 1871 2811 totius
1913 2752 2142 2811 Galliae
2183 2755 2445 2829 equitatu

464 2844 641 2913 valet,
697 2862 1051 2919 magnasque
1108 2845 1280 2902 habet
1335 2845 1530 2919 copias
1585 2843 1860 2919 peditum,
1918 2842 2322 2919 Rhenumque,
2381 2854 2448 2901 ut

364 2934 441 2989 30
464 2952 642 3010 supra
668 2932 1196 3003 demonstravimus,
1227 2934 1428 3009 tangit.
1513 2932 1579 2989 In
1607 2952 1679 2989 ea
1719 2932 1950 2989 civitate
1991 2932 2104 2990 duo
2131 2933 2201 2989 de
2231 2934 2443 3008 princi-

466 3034 603 3101 patu
644 3024 795 3079 inter
822 3041 885 3079 se
926 3022 1364 3092 contendebant,
1393 3022 1820 3081 Indutiomarus
1862 3032 1920 3080 et
1959 3022 2324 3099 Cingetorix:
2369 3044 2445 3081 ex

465 3113 676 3188 quibus
704 3112 870 3180 alter,
900 3110 1073 3167 simul
1118 3122 1289 3187 atque
1329 3111 1402 3168 de
1443 3110 1714 3169 Caesaris
1755 3112 2160 3187 legionumque
2191 3112 2446 3172 adventu

465 3201 759 3275 cognitum
808 3209 913 3271 est,
964 3199 1031 3257 ad
1084 3220 1218 3257 eum
1261 3202 1452 3271 venit3
1498 3220 1560 3257 se
1609 3219 1856 3276 suosque
1905 3219 2102 3257 omnes
2151 3200 2210 3257 in
2255 3202 2448 3260 officio

468 3286 705 3357 futuros,
750 3307 937 3363 neque
988 3290 1061 3345 ab
1106 3290 1360 3346 amicitia
1405 3288 1608 3364 Populi
1651 3289 1898 3345 Romani
1925 3288 2268 3359 defecturos,
2309 3310 2444 3347 con-

366 3374 441 3428 35
466 3376 717 3432 firmavit
736 3396 753 3447 ;
799 3396 1067 3451 quaeque
1108 3378 1169 3433 in
1198 3376 1464 3433 Treviris
1503 3388 1863 3453 gererentur,
1893 3377 2153 3435 ostendit.
2240 3379 2322 3434 At
2349 3378 2442 3437 In-

466 3463 823 3521 dutiomarus
864 3467 1180 3539 equitatum
1224 3464 1653 3541 peditatumque
1695 3484 1921 3543 cogere,
1966 3466 2168 3540 iisque,
2198 3466 2300 3541 qui
2340 3484 2447 3542 per

468 3560 714 3609 aetatem
756 3552 817 3609 in
866 3554 1041 3609 armis
1086 3573 1210 3609 esse
1254 3572 1368 3610 non
1409 3564 1686 3630 poterant,
1716 3554 1777 3611 in
1825 3554 2033 3611 silvam
2062 3553 2446 3613 Arduennam

468 3640 691 3710 abditis,
722 3660 873 3713 quae
916 3642 1133 3715 ingenti
1174 3643 1570 3718 magnitudine
1612 3663 1716 3719 per
1743 3644 1958 3701 medios
1999 3644 2144 3700 fines
2173 3642 2444 3701 Treviro-

470 3742 604 3779 rum
632 3745 667 3779 a
708 3728 943 3781 flumine
988 3726 1189 3783 Rheno
1218 3730 1289 3784 ad
1316 3731 1543 3788 initium
1574 3732 1890 3789 Remorum
1931 3733 2194 3808 pertinet,
2223 3732 2446 3791 bellum
