2709 4300
228 299 353 347 cn.
370 297 551 354 ansa]
1049 296 1241 344 unt-:u
1272 297 1533 344 SEXTUS.
1835 311 1844 317 -
2215 287 2332 348 lm

228 453 379 494 cum
422 454 487 492 se
530 434 767 492 vastatis
808 433 1023 492 finibus
1068 433 1404 494 solitudines
1445 433 1678 492 habere.
1763 433 1894 492 Hoc
1919 433 2232 510 proprium

163 588 171 592 ,
231 526 471 582 virtutis
520 524 869 592 existimant,
920 523 1191 599 expulsos
1238 524 1396 599 agris
1443 523 1716 582 finitimos
1763 523 1988 591 cedere,
2039 541 2232 598 neque

228 632 575 690 quenquam
602 631 777 688 prope
806 611 1021 671 audere
1038 613 1389 670 consistere:
1431 612 1606 670 simul
1635 613 1742 673 hoc
1769 631 1832 670 se
1850 610 1970 670 fore
1991 612 2232 670 tutiores

232 703 612 770 arbitrantur,
662 701 997 777 repentinae
1044 701 1394 761 incursionis
1439 703 1642 762 timore
1695 701 1942 760 sublato.
2025 701 2230 766 Quum

234 790 477 856 bellum·
506 791 713 846 civitas
755 799 859 847 aut
898 787 1129 848 illatum
1156 787 1428 859 defendit,
1473 799 1575 848 aut
1616 788 1810 860 infert,
1837 777 2226 868 magistratus,
2253 793 2292 849 5

230 880 345 954 qui
386 879 443 936 ei
486 877 637 936 bello
682 877 953 953 praesint,
986 888 1049 934 ut
1077 878 1229 936 vitae
1266 879 1542 953 necisque
1583 879 1836 938 habeant
1874 887 2228 955 potestatem,

130 1043 135 1048 ι
232 967 601 1043 deliguntur.
683 967 751 1026 In
779 985 925 1042 pace
964 966 1165 1024 nullus
1205 968 1530 1026 communis
1557 978 1644 1026 est
1671 967 2083 1044 magistratus;
2127 967 2232 1026 sed

230 1057 529 1134 principes
558 1057 861 1132 regionum
880 1065 1061 1136 „atque
1090 1074 1372 1132 pagorum
1399 1057 1549 1116 inter
1567 1075 1704 1117 suos
1723 1058 1824 1132 jus
1849 1056 2068 1128 dicunt,
2095 1075 2228 1114 con-

232 1146 667 1220 troversiasque
696 1145 985 1204 minuunt.
1068 1143 1406 1202 Latrocinia
1427 1145 1654 1204 nullam
1673 1147 1886 1204 habent
1907 1145 2226 1216 infamiam,

230 1255 391 1310 quae
418 1245 581 1292 extra
614 1235 761 1292 fines
788 1234 1073 1310 quusque
1102 1235 1351 1294 civitatis
1379 1235 1564 1307 fiunt3
1611 1245 1784 1310 atque
1811 1255 1886 1292 ea
1905 1236 2229 1310 juventutis
2259 1234 2332 1290 1⁰

230 1323 603 1380 exercendae
652 1342 725 1380 ac
772 1321 1025 1380 desidiae
1071 1323 1418 1383 minuendae
1467 1343 1648 1382 causa
1695 1324 1823 1382 fieri
1871 1323 2226 1398 praedicant.

232 1415 439 1490 Atque
486 1413 585 1468 ubi
628 1414 759 1488 quis
802 1431 877 1469 ex
922 1412 1280 1488 principibus
1316 1413 1379 1468 in
1422 1413 1670 1470 concilio
1711 1412 1856 1469 dixit
1895 1413 1974 1470 Se
2017 1412 2229 1470 ducem

232 1501 401 1576 fore3
445 1502 547 1576 qui
596 1503 761 1576 sequi
802 1501 1001 1570 velint,
1048 1502 1460 1576 profiteantur:
1521 1511 1878 1576 consurgunt
1923 1503 1985 1569 ii,
2029 1503 2132 1576 qui
2171 1512 2230 1558 et

228 1610 483 1650 causam
510 1599 569 1648 et
606 1591 895 1656 hominem
924 1591 1181 1666 probant,
1210 1608 1503 1664 suumque
1532 1589 1820 1647 auxilium
1843 1589 2224 1664 pollicentur3

230 1691 415 1756 atque
444 1681 517 1738 ab
544 1679 912 1738 multitudine
934 1679 1343 1738 collaudantur
1367 1699 1380 1736 ε
1425 1680 1620 1754 quiex
1641 1680 1714 1736 iis
1733 1680 1920 1738 secuti
1941 1697 2054 1737 non
2073 1689 2226 1750 sunt,
2259 1681 2332 1735 15

117 1763 137 1800 '-
236 1771 301 1826 in
330 1770 691 1826 desertorum
722 1788 793 1826 ac
834 1768 1189 1846 proditorum
1230 1785 1474 1826 numero
1513 1767 1826 1838 ducuntur,
1855 1769 2230 1844 omniumque

236 1860 313 1916 iis
342 1877 543 1915 rerum
572 1867 767 1934 postea
807 1857 951 1915 fides
992 1858 1319 1934 derogatur.
1405 1857 1676 1934 Hospite:
1704 1857 1942 1928 violare,
1987 1858 2076 1916 fas
2113 1877 2230 1916 non

228 1957 477 2024 putant:
522 1949 641 2022 qui,
672 1965 925 2022 quaque·
948 1947 1019 2003 de
1062 1965 1260 2016 causa,
1306 1945 1381 2003 ad
1425 1966 1524 2004 eos
1566 1948 1850 2017 venerint,
1897 1948 1970 2004 ab
2013 1948 2232 2023 injuria

232 2035 561 2112 prohibent,
588 2045 931 2110 sanctosque
960 2035 1171 2094 habent
1194 2055 1213 2107 3
1258 2035 1333 2092 iis
1359 2037 1616 2093 omnium
1643 2035 1846 2094 domus
1871 2045 2084 2112 patent,
2107 2038 2228 2094 vic-

234 2135 449 2201 tusque
478 2124 959 2183 communicatur.
2091 2190 2094 2193 ἢ
2249 2125 2334 2184 20

324 2213 546 2271 XXIV.
620 2214 715 2271 Ac
768 2214 875 2271 fuit
924 2223 1097 2272 antea
1149 2222 1394 2290 tempus,
1451 2232 1632 2290 quum
1689 2214 2012 2274 Germanos
2211 2217 2224 2231 '

238 2304 455 2361 virtute
498 2311 859 2377 superarent,
907 2301 1059 2359 ultro
1114 2302 1271 2359 bella
1314 2303 1610 2371 inferrent,
1661 2314 1890 2379 propter
1930 2304 2229 2361 hominum

160 2406 165 2411 ’
236 2382 671 2449 multitudinem
714 2391 955 2466 agrique
996 2391 1249 2467 inopiam
1292 2400 1452 2449 trans
1495 2392 1766 2449 Rhenum
1803 2391 2060 2448 colonias
2099 2393 2228 2449 mit-

236 2489 453 2537 terent.
560 2478 763 2553 Itaque
806 2498 894 2548 ea,
938 2498 1091 2554 quae
1134 2478 1486 2539 fertilissima
1525 2489 1678 2547 sunt,
1709 2478 2058 2536 Germaniae
2101 2479 2230 2537 loca

234 2570 469 2626 circum
498 2567 861 2643 Hercyniam
890 2567 1117 2637 silvam,
1150 2570 1351 2645 (quam
1382 2567 1751 2625 Eratostheni
1785 2577 1842 2624 et
1883 2566 2228 2641 quibusdam
2253 2569 2332 2623 2⁵
2354 2626 2370 2645 ,

238 2658 493 2715 Graecis
522 2655 677 2713 fama
721 2667 915 2713 notam
952 2676 1079 2715 esse
1107 2657 1289 2726 vide0,
1332 2675 1510 2733 quam
1555 2656 1642 2713 illi
1669 2653 1994 2729 Orcy'niam
2038 2657 2228 2732 appel-

238 2746 411 2823 lant,)
434 2745 657 2803 Volcae
677 2744 1031 2821 Tectosages
1056 2753 1508 2821 occupaverunt,
1528 2754 1700 2818 atque
1721 2744 1802 2800 ibi
1823 2742 2224 2801 consederunt.

237 2836 415 2900 Quae
444 2853 593 2911 gens
623 2834 694 2889 ad
718 2834 825 2891 hoc
846 2844 1073 2910 tempus
1098 2836 1171 2892 iis
1198 2832 1434 2891 sedibus
1459 2851 1588 2889 sese
1617 2833 1888 2901 continet,
1917 2850 2228 2892 summam-

236 2942 359 2999 que
388 2923 560 2980 habet
582 2921 841 2997 justitiae
857 2930 915 2979 et
932 2922 1179 2981 bellicae
1207 2921 1398 2979 laudis
1417 2922 1774 2997 opinionemt
1815 2940 1974 2979 nunc
1995 2938 2230 2996 quoque

236 3014 303 3069 in
334 3010 537 3069 eadem
560 3012 767 3086 inopia,
792 3020 1063 3087 egestate,
1085 3012 1376 3086 patientia,
1400 3030 1516 3086 qua
1535 3010 1832 3081 Germani,
1851 3020 2224 3086 permanent3
2255 3012 2334 3067 30

234 3098 443 3159 eodem
454 3100 611 3164 victu
629 3109 685 3157 et
706 3099 871 3158 cultu
894 3099 1147 3175 corporis
1164 3109 1406 3159 utuntur
1419 3120 1438 3172 ;
1473 3100 1662 3158 Gallis
1679 3111 1872 3158 autem
1889 3099 2230 3158 Provinciae

236 3188 653 3267 propinquitas,
668 3199 725 3245 et
736 3189 1257 3245 transmarinarum
1276 3206 1472 3247 rerum
1487 3190 1700 3258 notitia,
1715 3189 1900 3245 multa
1917 3188 1986 3245 ad
2005 3188 2230 3262 copiam

238 3286 417 3353 atque
448 3296 591 3333 usus
617 3276 881 3353 largitur.
967 3276 1253 3333 Paulatim
1284 3276 1594 3335 assuefacti
1615 3277 1896 3351 superari,
1917 3273 2229 3349 multisque

238 3367 383 3425 victi
412 3364 659 3441 proeliiS,
690 3383 763 3421 ne
792 3384 855 3421 se
883 3363 1119 3438 quidem
1147 3365 1256 3439 ipsi
1284 3384 1423 3421 cum
1451 3365 1570 3438 illis
1595 3366 1806 3423 virtute
1833 3373 2188 3439 comparant.

324 3452 521 3513 XXV.
566 3452 763 3527 Hujus
804 3451 1144 3527 Hercyniae
1206 3453 1408 3523 silvae,
1438 3444 1588 3528 quae
1629 3470 1806 3527 supra
1845 3452 2230 3509 demonstrata
2257 3456 2334 3509 35

242 3551 350 3611 est,
402 3540 641 3598 latitudo
686 3560 893 3597 novem
943 3541 1167 3597 dierum
1214 3541 1325 3597 iter
1369 3540 1632 3615 expedito
1677 3549 1867 3615 patet:
1917 3558 2032 3596 non
2075 3540 2232 3598 enim

244 3631 415 3697 aliter
441 3628 595 3686 finiri
624 3638 821 3705 potest,
852 3634 1372 3705 neque'mensuras
1400 3629 1673 3685 itinerum
1713 3638 2013 3685 noverunt.
2099 3627 2228 3685 Ori-

242 3728 341 3777 tur
388 3718 462 3773 ab
506 3716 927 3786 Helvetiorum,
971 3728 1028 3775 et
1076 3718 1408 3786 Nemetum,
1452 3728 1510 3774 et
1552 3716 1954 3775 Rauracorum
1997 3717 2228 3787 finibus,

245 3815 523 3881 rectaque
553 3806 809 3863 fluminis
838 3804 1092 3863 Danubii
1124 3806 1356 3881 regione
1387 3807 1632 3881 pertinet
1660 3806 1730 3863 ad
1761 3806 1904 3869 fines
1932 3805 2230 3867 Dacorum

1208 3898 1275 3949 11
