2709 4300
264 281 382 328 ευ.
401 285 548 328 57-59.
554 281 588 335 1-
1041 283 1235 332 Lmen
1256 279 1607 333 »snm-mus,
2250 281 2278 338 1
2289 271 2372 342 ³⁸

267 420 581 496 pervenit3
628 419 889 498 vadoque
933 439 1039 498 per
1086 423 1309 499 equites
1356 425 1607 496 invento,
1654 443 1758 502 pro
1785 425 1871 482 rei
1919 427 2264 486 necessitate

266 521 603 586 opportuno,
628 519 691 569 ut
719 511 960 568 brachia
989 513 1153 571 modo
1180 523 1353 590 atque
1383 515 1610 573 humeri
1640 515 1711 573 ad
1737 516 2074 574 sustinenda
2103 533 2267 575 arma

264 600 436 658 liberi
496 602 571 659 ab
624 619 779 677 aqua
834 621 963 659 esse
1020 613 1271 680 possent,
1322 605 1596 682 disposito
1653 607 1930 682 equitatu,
1986 608 2089 682 qui
2143 608 2264 665 vim

266 689 525 748 fluminis
554 690 915 768 refringeret,
942 701 1115 768 atque
1145 694 1400 752 hostibus
1427 697 1610 771 primo
1639 705 1876 773 aspectu
1899 695 2261 773 perturbatis,

264 779 619 838 ineolumem
664 783 986 840 exercitum
1014 783 1324 842 traduxit:
1383 783 1854 862 frumentumque
1899 786 1958 843 in
2009 787 2166 863 agris
2205 795 2266 844 et
2287 795 2332 849 5

264 872 493 946 copiam
538 872 766 947 pecoris
806 881 1031 942 nactus,
1065 873 1281 950 repleto
1320 875 1394 932 iis
1421 876 1594 933 rebus
1621 876 1902 946 exercitu,
1933 877 2044 934 iter
2071 877 2130 933 iu
2159 875 2260 934 Se-

262 975 446 1018 nones
476 960 673 1018 facere
696 961 963 1019 instituit.

344 1047 539 1108 LVII.
598 1049 758 1108 Dum
786 1052 933 1110 haec
969 1051 1121 1130 apud
1158 1052 1474 1112 Caesarem
1517 1065 1820 1132 geruntur,
1853 1053 2155 1114 Labienus
2193 1073 2264 1113 eo

260 1141 680 1216 supplemento,
710 1141 862 1217 quod
890 1161 1081 1219 nuper
1116 1161 1189 1200 ex
1232 1143 1401 1202 Italia
1429 1155 1685 1216 venerat,
1718 1146 1919 1204 relicto
1949 1146 2260 1223 Agendici,

262 1239 327 1288 ut
370 1241 521 1288 esset
563 1231 987 1308 impedimentis
1014 1233 1315 1310 praesidio,
1346 1253 1486 1292 cum
1515 1251 1580 1293 tv
1607 1235 1934 1314 legionibus
1963 1236 2260 1295 Lutetiam
2290 1233 2366 1290 10

260 1321 669 1396 proficiscitur.
754 1319 819 1379 Id
862 1331 951 1379 est
988 1322 1257 1399 oppidum
1300 1323 1674 1394 Parisiorum,
1707 1325 1952 1400 positum
1977 1326 2041 1382 in
2069 1325 2262 1384 insula

258 1411 519 1468 fluminis
541 1410 866 1487 Sequanae.
950 1411 1137 1488 Cujus
1166 1413 1418 1470 adventu
1449 1414 1522 1470 ab
1548 1415 1808 1471 hostibus
1829 1414 2075 1492 cognito,
2099 1433 2258 1491 mag-

258 1520 373 1558 nae
424 1516 495 1558 ex
541 1501 800 1558 finitimis
848 1503 1181 1560 civitatibus
1235 1503 1438 1578 copiae
1493 1499 1912 1564 convenerunt.
2019 1503 2262 1562 Summa

258 1592 489 1668 imperii
532 1591 777 1648 traditur
812 1591 1211 1670 Camulogeno
1257 1592 1539 1662 AulercO,
1583 1593 1702 1669 qui,
1745 1609 1918 1670 prope
1963 1592 2262 1652 eonffictus

258 1691 469 1752 aetate,
495 1691 689 1740 tamen
734 1692 963 1759 propter
1010 1683 1372 1759 singularem
1417 1682 1720 1740 scientiam
1761 1683 1847 1740 rei
1891 1683 2158 1741 miiitaris
2187 1683 2262 1740 ad
2289 1679 2366 1738 15

254 1789 399 1830 eum
444 1780 531 1829 est
568 1772 843 1830 honorem
888 1781 1188 1830 evocatus.
1274 1771 1333 1830 Is
1372 1789 1557 1848 quum
1585 1772 2100 1843 animadvertisset,
2132 1791 2258 1850 per·

258 1871 497 1938 petuam
526 1881 653 1919 esse
676 1859 967 1938 paludem,
985 1881 1135 1937 quae
1154 1861 1460 1920 influeret
1443 1879 1504 1918 in
1525 1861 1876 1938 Sequanam,
1897 1871 2070 1940 atque
2093 1863 2260 1920 illum

256 1969 493 2008 omnem
522 1952 718 2010 locum
749 1969 1102 2030 magnopere
1142 1951 1464 2028 impediret,
1493 1953 1590 2010 hic
1617 1952 1891 2058 consedit,
1921 1961 2260 2030 nostrosque

254 2042 505 2100 transitu
534 2041 835 2118 prohibere
866 2038 1129 2099 instituit.
1964 2055 1977 2066 ’

340 2130 561 2190 LVIII.
643 2129 942 2190 Labienus
996 2132 1182 2207 primo
1238 2132 1441 2191 vineas
1503 2137 1696 2211 agere,
1753 2133 2012 2192 cratibus
2082 2143 2258 2210 atque
2283 2135 2366 2193 ss

256 2241 475 2301 aggere
498 2221 767 2299 paludem
798 2221 1052 2297 explere,
1080 2234 1251 2297 atque
1278 2222 1390 2280 iter
1418 2225 1646 2280 munire
1671 2224 2011 2281 conabatur.
2073 2224 2254 2281 ·Post-

254 2331 435 2391 quarn
484 2312 542 2369 id
597 2310 889 2369 difficilius
937 2312 1173 2369 confieri
1219 2312 1644 2381 animadvertit,
1691 2311 1918 2369 silentio
1965 2330 2000 2369 e
2050 2314 2258 2369 castris

254 2404 428 2462 tertia
472 2401 675 2479 vigilia
718 2420 1006 2479 egi-essue,
1054 2400 1273 2470 eodem,
1312 2420 1429 2477 quo
1457 2408 1714 2469 venerat,
1745 2401 1948 2457 itinere
1997 2398 2254 2458 Melodu-

254 2512 399 2551 num
428 2492 731 2569 pervenit.·
794 2490 860 2548 Id
882 2500 967 2547 est
988 2490 1259 2567 oppidum
1288 2490 1604 2559 Senonum,
1635 2489 1696 2545 in
1725 2489 1917 2547 insula
1945 2487 2256 2565 Sequanae

254 2584 530 2661 positum,
584 2591 648 2638 ut
678 2580 877 2656 'paulo
932 2590 1065 2637 ante
1121 2578 1421 2638 Lutetiam
1491 2578 1764 2635 diximus·
1866 2576 2256 2658 Deprehensis
2281 2582 2364 2639 25

253 2674 507 2731 navibus
532 2672 771 2729 circiter
796 2688 849 2739 L,
880 2670 1267 2750 celeriterque
1298 2668 1644 2744 conjunctis,
1677 2678 1850 2743 atque
1879 2684 1948 2725 eo
1975 2666 2256 2727 militibus

253 2763 553 2840 impositis,
584 2770 641 2818 et
668 2760 754 2817 rei
782 2760 1039 2825 novitate.
1060 2758 1379 2837 perterritis
1406 2756 1722 2833 oppidaniS,
1751 2771 1998 2832 quorum
2041 2776 2250 2835 magna

253 2873 391 2932 pars
419 2861 543 2910 erat
572 2850 641 2908 ad
673 2849 892 2907 bellum
919 2858 1179 2919 evocata,
1210 2848 1337 2905 sine
1379 2847 1740 2905 contentione
1777 2844 1984 2923 oppido
2018 2848 2250 2923 potitur.

256 2942 501 3003 Refecto
544 2950 730 3017 ponte,
760 2950 953 3015 quem·
980 2938 1374 3015 superioribus
1413 2938 1618 2995 diebus
1657 2937 1848 2995 hostes
1875 2937 2251 3007 resciderant,

252 3032 580 3093 exercitum
596 3028 864 3099 traducit,
884 3038 943 3085 et
958 3028 1213 3087 secundo
1234 3028 1474 3086 flumine
1497 3027 1570 3085 ad
1599 3022 1896 3086 Lutetiam
1925 3029 2034 3085 iter
2061 3026 2255 3085 facere
2281 3028 2362 3088 86

250 3124 464 3199 coepit.
550 3120 779 3190 Hostes,
811 3135 875 3176 re
918 3119 1151 3197 cognita
1190 3118 1263 3175 ab
1308 3118 1398 3189 iis,
1429 3118 1530 3194 qui
1577 3138 1612 3175 a
1650 3116 1958 3175 Meloduno
1985 3114 2254 3195 profuge.

253 3222 405 3282 rant,
457 3210 753 3269 Lutetiam
807 3208 1143 3277 incendunt,
1202 3216 1528 3311 pontesque
1571 3208 1700 3283 ejus
1755 3207 1948 3285 oppidi
2003 3207 2255 3268 rescindi

246 3304 495 3379 juben-t.
540 3302 648 3377 ipsi
693 3297 936 3376 profecti
977 3318 1015 3355 a
1058 3297 1288 3375 palude,
1318 3300 1380 3355 in
1421 3298 1562 3373 ripis
1599 3296 1925 3372 Sequanae,
1955 3313 1990 3364 e
2019 3298 2254 3375 regione

254 3392 545 3461 Lutetiae,
576 3400 776 3447 contra
804 3387 1052 3446 Labieni
1082 3398 1273 3445 castra
1302 3386 1626 3445 considunt.

336 3480 498 3540 LIX.
544 3479 577 3537 J
582 3496 675 3537 am
704 3478 927 3549 Caesar
954 3498 991 3535 a
1020 3476 1317 3555 Gergovia
1345 3478 1680 3535 discessisse
1709 3476 2090 3535 audiebatur:
2128 3477 2252 3553 jam
2279 3478 2360 3535 8⁶

253 3572 327 3629 de
372 3570 718 3628 Aeduorum
760 3568 1083 3627 defectione
1126 3578 1185 3625 et
1228 3566 1486 3625 secundo
1530 3566 1761 3624 Galliae
1805 3578 1963 3625 motu
1993 3584 2256 3625 rumores

256 3660 667 3730 afferebantur,
718 3658 995 3734 Gallique
1049 3659 1107 3715 in
1156 3656 1483 3733 colloquiis,
1521 3656 1902 3715 interclusum
1947 3656 2152 3713 itinere
2195 3664 2254 3713 et

254 3750 459 3830 Ligeri
508 3750 844 3821 Caesarem,
886 3748 1083 3825 inopia
1132 3746 1407 3805 frumenti
1451 3756 1736 3816 coactum,
1781 3748 1840 3803 in
1886 3744 2252 3805 Provinciam

252 3841 619 3901 contendisse
640 3838 1077 3899 confirmabant.
1124 3869 1131 3875 ·
1162 3834 1463 3897 Bellovaci
1483 3846 1698 3907 autem,
1709 3834 2028 3895 defectione
2048 3834 2250 3895 ‘Aedu-
