2709 4300
396 267 515 332 102
1119 275 1209 326 nn
1239 275 1452 326 mm
1479 277 1766 326 (ummo
2157 280 2290 335 [cn.
2309 283 2381 334 τε,
2399 285 2468 329 τι.

492 415 550 476 in
592 426 831 486 nostros,
872 415 1033 493 operi
1074 415 1400 487 destinatos,
1443 417 1736 494 conjicere
1785 425 2033 494 possent.
2119 417 2251 477 Hoc
2299 419 2470 478 inter·

490 509 665 565 misso
702 508 905 584 spatio,
954 507 1101 564 duas
1142 505 1343 576 fos-na,
1371 523 1456 564 xv
1497 507 1672 584 pedes
1711 507 1877 576 latas,
1919 507 2126 565 eadem
2169 507 2474 567 altitudine

490 597 790 674 perduxit:
834 613 1085 673 quarum
1107 596 1458 666 interiorem,
1478 597 1898 672 campestribus
1917 616 1993 654 ac
2017 597 2284 655 demissis
2313 599 2473 669 locis,

490 705 645 764 equa
670 705 743 744 ex
772 687 1011 744 flumine
1050 685 1313 743 derivata
1350 686 1676 763 ootnplevit.
1759 686 1892 744 Post
1933 704 2039 744 eas
2082 705 2362 764 aggerem
2405 707 2477 746 ac

426 791 467 844 5
494 777 713 834 vallum
740 793 827 834 111
856 775 1067 854 pedum
1094 777 1396 834 exstruxit.
1457 773 1618 834 Huic
1637 775 1879 846 loriqam
1899 765 2220 854 pinnsst'lue
2242 777 2475 852 adjecit,

490 865 809 944 grandibus
860 865 1051 922 cervis
1104 865 1490 922 eminentibus
1545 864 1618 922 nd
1671 865 2082 923 commissuras
2147 866 2478 942 pluteorum

494 965 665 1031 atque
712 956 963 1033 aggeris,
1010 955 1114 1032 qui
1164 973 1470 1012 ascensum
1519 955 1766 1012 hostium
1803 954 2138 1027 tardarent3
2183 965 2242 1013 et
2283 965 2484 1014 tunes

492 1053 607 1102 toto
630 1063 801 1120 opere
828 1041 1227 1113 circumdedit,
1256 1061 1410 1120 quae
1439 1043 1612 1120 pedes
1639 1061 1796 1102 Lxxx
1825 1045 1976 1102 inter
2003 1063 2068 1102 se
2093 1044 2396 1102 distarent.

574 1133 851 1192 LXXIII.
896 1134 1043 1192 Erat
1068 1133 1267 1190 eodem
1307 1143 1566 1209 tempore
1591 1143 1647 1190 et
1687 1135 1999 1205 materiari,
2027 1143 2086 1192 et
2113 1133 2480 1205 frumentari,

394 1229 469 1286 10
494 1235 551 1281 et
590 1233 779 1284 tantas
822 1224 1167 1282 munitiones
1208 1223 1353 1292 fieri,
1395 1241 1652 1292 necesse,
1681 1222 1980 1282 diminutis
2021 1225 2230 1281 nostris
2275 1225 2478 1300 copiis,

493 1332 645 1390 quae
694 1313 923 1390 longius
972 1313 1045 1370 ab
1092 1313 1299 1370 castris
1346 1311 1898 1388 progrediebantur=
1942 1331 2012 1370 ac
2060 1329 2484 1389 nonnunquam

492 1421 669 1479 opera
698 1412 893 1462 nostra
922 1401 1081 1460 Galli
1108 1411 1350 1471 tentare,
1381 1411 1552 1477 atque
1581 1402 1938 1477 eruptionem
1965 1419 2040 1459 ex
2065 1402 2272 1480 oppido
2298 1404 2482 1479 pluri-

496 1494 607 1550 bus
646 1493 821 1568 portis
868 1510 1097 1548 summa
1146 1492 1205 1548 vi
1254 1489 1452 1548 faeere
1500 1491 1877 1548 conabantur.
1961 1491 2164 1558 Quare
2205 1491 2280 1549 nd
2329 1493 2487 1551 haec

498 1601 703 1641 rursus
742 1599 918 1658 opera
960 1579 1283 1638 addendum
1310 1579 1530 1638 Caesar
1569 1581 1814 1657 putavit,
1843 1599 1960 1657 quo
1991 1583 2206 1639 minore
2233 1601 2486 1641 numero

396 1679 471 1734 15
497 1675 745 1732 militum
774 1673 1121 1730 munitiones
1146 1669 1378 1728 defendi
1405 1679 1652 1746 possent.
1736 1669 1939 1746 Itaque
1965 1673 2188 1729 truncis
2205 1673 2486 1732 arborum

496 1763 652 1821 haud
683 1761 989 1820 admodum
1016 1761 1201 1818 firmis
1228 1761 1406 1817 ramis
1433 1761 1722 1830 abscissis,
1745 1769 1919 1836 atque
1945 1761 2150 1818 horum
2177 1760 2484 1821 delibratis

498 1863 671 1928 atque
700 1851 1023 1929 praeacutis
1050 1849 1472 1920 cacuminibus,
1503 1860 1812 1926 perpetuae
1843 1850 2046 1919 fossae,
2069 1853 2276 1927 quinos
2301 1853 2484 1930 pedes

498 1942 667 2010 altae,
708 1941 1095 1998 ducebantur.
1180 1939 1320 2000 Huc
1371 1940 1458 1996 illi
1507 1940 1726 2018 stipites
1771 1939 2024 2010 demissi,
2065 1951 2122 1999 et
2165 1943 2240 1999 ab
2280 1943 2486 2001 infimo

498 2031 760 2100 revincti,
780 2049 855 2086 ne
876 2028 1081 2086 revelli
1102 2039 1348 2106 possent,
1374 2031 1448 2086 ab
1465 2031 1643 2087 ramis
1671 2029 2018 2088 eminebant.
2099 2031 2284 2098 Quini
2311 2043 2484 2091 erant

392 2123 475 2181 20
496 2119 741 2190 ordines,
771 2117 1065 2195 conjuncti
1094 2119 1245 2177 inter
1270 2137 1335 2179 se
1363 2128 1536 2195 atque
1565 2119 1844 2197 implicati
1867 2138 1886 2194 3
1931 2137 2048 2197 quo
2085 2122 2187 2198 qui
2227 2123 2481 2187 intrave-

498 2220 645 2279 rant,
674 2226 739 2268 se
766 2210 875 2287 ipsi
906 2210 1253 2267 acutissimis
1282 2209 1452 2267 vallis
1481 2208 1810 2269 induebant.
1895 2209 2019 2268 Hos
2043 2213 2249 2289 cippos
2284 2213 2482 2289 appel-

498 2302 713 2359 lebant.
787 2303 943 2359 Ante
964 2300 1084 2370 hos,
1102 2300 1349 2375 obliquis
1369 2300 1666 2383 ordinibus
1687 2301 1746 2357 in
1767 2300 2156 2377 quincuncem
2173 2302 2482 2379 dispositis,

498 2394 731 2451 scrobes
773 2394 950 2451 trium
996 2392 1057 2449 in
1104 2390 1468 2449 altitudinem
1517 2390 1726 2468 pedum
1777 2389 2156 2462 fodiebantur,
2199 2393 2488 2468 paulatim

502 2484 831 2560 angustiore
856 2482 929 2539 sd
957 2482 1221 2539 infimum
1249 2478 1500 2557 fastigio·
1585 2480 1724 2539 Huc
1747 2490 1961 2539 teretes
1987 2483 2223 2559 stipiteS,
2249 2482 2489 2542 feminis

394 2576 475 2631 25
500 2571 901 2641 crassitudine,
930 2571 1003 2628 ab
1030 2588 1257 2628 summo
1284 2570 1586 2647 praeacuti
1629 2579 1687 2627 et
1730 2571 2004 2646 praeusti,
2033 2572 2488 2631 demittebantur

498 2663 595 2731 ita,
628 2673 691 2720 ut
720 2680 832 2719 non
862 2660 1109 2737 amplius
1134 2660 1331 2737 digitis
1356 2676 1422 2717 nr
1449 2678 1523 2719 ex
1551 2664 1708 2717 terre.
1735 2661 2091 2720 eminerentt
2121 2662 2313 2732 simul,
2347 2682 2484 2721 con-

499 2751 767 2809 firmandi
808 2761 869 2808 et
910 2750 1237 2807 stabiliendi
1280 2766 1482 2818 causa,
1518 2748 1740 2827 ’singuli
1785 2748 1860 2807 ab
1905 2750 2100 2809 infimo
2141 2750 2262 2809 solo
2305 2750 2486 2829 pedes

496 2850 655 2899 terra
702 2839 1193 2897 exculcabantur:
1252 2838 1478 2913 relique
1527 2856 1661 2915 pars
1709 2838 1928 2900 scrobis
1977 2840 2048 2897 sd
2101 2842 2484 2908 occultandas

497 2929 735 2987 insidias
771 2929 1079 2986 viminibus
1122 2946 1193 2985 ac
1222 2929 1492 3004 virgultis
1539 2920 1923 3005 integebatui.
2005 2928 2202 3005 Hujus
2247 2933 2484 3007 generis

394 3022 473 3077 30
496 3020 684 3078 octoni
726 3018 955 3077 ordines
996 3017 1174 3086 ducti,
1202 3026 1398 3075 ternos
1438 3019 1589 3075 inter
1615 3036 1678 3075 se
1705 3016 1882 3095 pedes
1922 3018 2225 3077 distabant.
2311 3018 2377 3077 Id
2405 3038 2482 3077 ex

496 3108 869 3167 similitudine
898 3108 1054 3165 floris
1082 3106 1270 3163 lilium
1312 3106 1698 3183 appellabant.
1783 3108 1940 3165 Ante
1969 3107 2116 3165 haec
2143 3108 2352 3179 taleae,
2383 3128 2479 3187 pe-

495 3197 627 3255 dem
654 3198 881 3275 longae,
910 3195 1116 3255 ferreis
1144 3197 1331 3254 hamis
1373 3198 1583 3266 infixis,
1615 3206 1766 3255 totae
1793 3197 1854 3257 in
1882 3202 2097 3254 terrem
2125 3197 2478 3257 infodieban-

496 3296 607 3355 tur,
638 3288 1137 3363 mediocribusque
1166 3287 1506 3343 intermissis
1533 3286 1750 3363 spatiis,
1769 3286 2036 3345 omnibus
2065 3286 2210 3345 locis
2236 3288 2476 3347 dissere-

494 3374 722 3444 bantur,
750 3396 897 3451 quos
922 3376 1183 3435 stimulos
1210 3376 1601 3435 nominabant.

392 3462 471 3517 35
574 3463 853 3522 LXXIV.
898 3464 1009 3523 His
1036 3465 1211 3523 rebus
1238 3462 1526 3541 perfectis,
1551 3466 1816 3541 regiones
1843 3471 2080 3524 secutus
2101 3484 2277 3543 quern
2299 3468 2480 3543 potnit

496 3554 905 3629 aequissimas,
922 3572 1024 3630 pro
1054 3555 1165 3612 Ioci
1194 3564 1424 3625 natura,
1451 3572 1560 3617 x1v
1587 3556 1772 3613 millia
1812 3575 2090 3635 passuum
2119 3557 2475 3633 complexus,

494 3658 663 3713 pares
705 3642 964 3715 ejusdem
1005 3644 1239 3717 generis
1278 3646 1645 3714 munitiones,
1688 3645 1966 3716 diversa&
2011 3645 2084 3703 eb
2125 3646 2231 3716 his,
2276 3656 2478 3705 contra

494 3728 833 3785 exteriorem
861 3728 1079 3787 hostem
1108 3730 1368 3805 perfecit,
1393 3742 1456 3790 ut
1483 3750 1556 3790 ne
1586 3752 1800 3812 magna
1825 3734 2060 3811 quidem
2089 3735 2476 3806 multitudine,

490 3810 546 3863 si
586 3813 667 3867 ita
708 3816 933 3871 accidat
974 3816 1105 3889 ejus
1140 3817 1420 3889 discessu,
1467 3822 1849 3881 munitionum
1891 3824 2178 3900 praesidia
2225 3824 2476 3883 circum-
