2709 4300
199 274 322 322 cn.
341 279 414 330 m,
431 273 525 328 st]
961 270 1154 322 unna
1177 273 1527 322 SECUNDUS.
2200 269 2297 334 49

199 412 424 488 copiis:
467 409 570 468 sed
594 409 736 470 ratio
757 409 1010 487 ordoque
1039 412 1288 488 agminis
1309 411 1479 473 aliter
1504 431 1567 472 se
1595 411 1859 484 habebat,
1882 432 1953 472 ao
1972 413 2193 492 Belgae

197 501 280 558 ad
311 501 566 560 Nervios
593 499 942 559 detulerant.
1027 501 1204 572 Nam,
1235 501 1389 576 quod
1432 501 1504 558 ad
1542 501 1733 558 hostes
1774 503 2191 580 appropinqua-

200 591 326 662 bat,
346 589 764 660 consuetudine
789 609 902 648 sua
927 591 1147 649 Caesar
1173 611 1276 648 sex
1305 590 1561 668 legiones
1589 591 1883 668 expeditas
1908 593 2157 655 ducebat
2172 613 2191 652 :

199 692 332 760 post
357 701 460 742 eas
487 682 660 740 totius
698 683 994 742 exercitus
1029 681 1438 758 impedimenta
1476 682 1823 741 collocarat:
1866 683 2004 742 inde
2042 683 2193 746 duae

200 771 487 848 legiones,
531 790 684 847 quae
751 773 1010 848 proxime
1077 772 1437 848 conscriptae
1504 781 1687 842 erant,
1736 781 1919 840 totum
1982 789 2193 849 agmen
2214 781 2257 838 5

199 860 574 943 claudebant,
595 861 996 939 praesidioque
1024 861 1445 938 impedimentis
1461 870 1648 918 erant.
1720 861 1971 936 eqiites
1990 863 2191 934 nostri,

199 969 346 1008 cum
416 949 802 1010 funditoribus
833 952 1284 1028 sagittariisque
1353 953 1571 1010 flumen
1639 952 2005 1028 transgressi,
2052 971 2193 1013 cum

201 1040 456 1098 hostium
511 1041 776 1116 equitatu
839 1041 1118 1118 proelium
1187 1040 1621 1100 commiserunt.
1726 1040 1929 1106 Quum
1960 1061 2047 1100 -se
2102 1041 2191 1101 illi

201 1129 518 1187 identidem
545 1131 608 1186 in
645 1129 824 1188 silvas
861 1129 935 1188 ad
962 1149 1096 1186 snos
1125 1131 1465 1207 reciperent,
1494 1149 1567 1188 ac
1596 1148 1801 1190 rursus
1839 1149 1912 1190 ex
1953 1131 2103 1190 silva
2128 1132 2191 1190 in

199 1229 428 1276 nostros
467 1220 749 1294 impetum
789 1218 1066 1289 facerent,
1095 1239 1285 1295 neque
1313 1222 1493 1288 nostri
1530 1219 1777 1296 longius,
1806 1239 1984 1296 quam
2011 1237 2190 1298 quem
2218 1219 2295 1277 10

201 1307 278 1366 ad
306 1307 484 1366 finem
505 1317 771 1384 porrecta
797 1328 868 1366 ac
889 1309 1020 1366 loca
1047 1319 1244 1386 aperta
1263 1309 1637 1385 pertinebant,
1664 1309 1937 1368 cedentes
1962 1311 2190 1386 insequi
2214 1314 2221 1320 '

201 1397 520 1455 auderent.
563 1397 792 1454 interim
831 1397 1086 1474 legiones
1113 1417 1234 1467 sex,
1263 1415 1417 1472 quae
1446 1399 1665 1497 primae
1696 1407 1990 1466 venerant,
1992 1417 2189 1474 opere

199 1485 486 1556 dimenso,
515 1495 708 1544 castra
734 1487 962 1544 munire
991 1497 1327 1589 coeperunt.
1410 1485 1525 1543 Ubi
1568 1486 1753 1578 prima
1780 1485 2193 1586 impedimenta

197 1575 389 1634 nostri
413 1576 704 1634 exercitus
733 1577 804 1633 ab
831 1577 940 1646 his,
971 1576 1074 1652 qui
1101 1577 1164 1634 in
1192 1575 1356 1632 silvis
1394 1573 1569 1636 abditi
1591 1555 1861 1642 latebant,
1886 1574 2011 1635 visa
2036 1584 2188 1646 sunt,

198 1664 382 1742 (quod
425 1673 650 1742 tempus
688 1666 838 1724 inter
878 1685 978 1724 eos
1013 1662 1407 1732 committendi
1448 1661 1653 1740 proelii
1683 1662 2061 1740 convenerat)
2090 1664 2187 1734 ita,
2219 1663 2295 1724 15

203 1765 270 1812 ut
297 1756 454 1812 intra
479 1755 658 1812 silvas
687 1757 872 1813 aciem
901 1755 1244 1830 ordinesque
1273 1754 1705 1824 constituerant,
1724 1758 1898 1828 a'tque
1926 1754 2033 1830 ipsi
2059 1773 2190 1814 sese

201 1846 708 1916 confirmaverant,
750 1847 939 1904 subito
981 1846 1248 1903 omnibus
1287 1843 1470 1920 copiis
1508 1844 1971 1920 provolaverunt,
2011 1845 2187 1920 impe·

200 1945 446 2011 tumque
497 1935 556 1992 in
603 1945 824 1994 nostros
870 1936 1094 2011 equites
1138 1933 1423 1992 fecerunt.
1506 1933 1619 1995 His
1664 1931 1837 1994 facile
1884 1934 2069 2010 pulsis
2116 1952 2188 1994 ac

201 2023 572 2101 proturbatis,
595 2024 920 2082 incredibili
949 2024 1241 2105 celeritate
1271 2021 1344 2080 ad
1375 2023 1591 2080 flumen
1622 2022 2099 2093 decucurrerunt,
2124 2031 2188 2080 ut

197 2132 396 2193 paene
425 2132 540 2171 uno
567 2123 820 2191 tempore
847 2123 904 2171 et
931 2111 1004 2169 ad
1033 2112 1212 2169 silvas
1237 2121 1293 2169 et
1321 2112 1381 2171 in
1410 2112 1649 2171 flumine
1676 2122 1734 2170 et
1762 2112 1888 2188 jam
1916 2113 1977 2169 in
2007 2112 2185 2170 mani·
2212 2113 2291 2171 20

200 2204 315 2261 bus
355 2205 562 2261 nostris
602 2204 798 2263 hostes
839 2202 1190 2260 viderentur.
1275 2201 1501 2259 Eadem
1535 2212 1729 2259 autem
1766 2203 2059 2261 celeritate
2085 2202 2185 2261 ad·

202 2312 374 2353 verso
401 2294 550 2352 colle
573 2294 652 2351 ad
693 2302 886 2351 nostra
913 2301 1105 2349 castra
1147 2302 1318 2368 atque
1347 2311 1461 2363 eos,
1492 2293 1593 2367 qui
1620 2293 1683 2349 in
1719 2310 1891 2367 opere
1918 2292 2187 2369 occupati

200 2393 390 2453 erant,
419 2383 856 2441 contenderunt.

286 2472 419 2530 XX.
463 2472 704 2529 Caesari
744 2471 936 2530 omnia
965 2489 1080 2527 uno
1120 2481 1374 2547 tempore
1402 2480 1567 2529 erant
1602 2467 1863 2545 agenda:
1908 2468 2187 2525 vexillum

200 2560 654 2639 proponendum,
681 2560 836 2635 quod
881 2569 1006 2617 erat
1051 2560 1296 2635 insigne,
1347 2577 1533 2634 quum
1576 2556 1647 2615 ad
1704 2575 1867 2615 arma
1914 2556 2185 2619 concurri
2212 2560 2289 2617 26

199 2660 524 2728 oporteret:
565 2652 796 2727 signum
816 2650 958 2707 tuba
984 2650 1274 2707 dan-dum:
1317 2650 1393 2707 ab
1420 2666 1591 2725 opere
1614 2646 1923 2713 revocandi
1942 2646 2183 2707 milites:

199 2743 306 2819 qui
335 2741 508 2819 paulo
536 2740 780 2816 longina,
811 2740 1042 2817 aggeris
1071 2738 1298 2815 petendi
1327 2754 1527 2805 causa,
1558 2744 1971 2812 processerant,
1996 2752 2183 2791 arces-

201 2831 402 2889 sendi:
447 2831 604 2889 acies
639 2828 991 2899 instruenda,
1023 2829 1236 2885 milites
1262 2823 1613 2892 cohortandi,
1636 2824 1868 2899 signum
1896 2822 2183 2895 dimdium

199 2938 456 2997 quarum
479 2938 676 2977 rerum
697 2937 970 2995 magnam
989 2927 1211 2994 partem
1241 2914 1513 2990 temporis
1534 2913 1785 2971 brevitas
1804 2922 1861 2970 et
1880 2930 2187 2969 successus

199 3018 264 3067 et
291 3010 563 3068 incursus
589 3008 838 3065 hostium
867 3006 1230 3083 impediebat.
1315 3002 1429 3062 His
1454 3002 1889 3061 difficultatibus
1914 3000 2067 3060 duae
2094 3019 2187 3059 res
2212 3002 2291 3057 30

202 3108 373 3157 erant
399 3098 668 3169 subsidiO,
693 3096 938 3173 scientia
967 3105 1138 3173 atque
1168 3112 1308 3152 usus
1329 3093 1595 3163 militum,
1618 3091 1767 3168 quod
1796 3089 2187 3167 superioribus

204 3187 438 3265 proeliis
473 3187 796 3255 exercitati,
825 3184 964 3261 quid
993 3185 1122 3241 fieri
1162 3192 1465 3259 oporteret,
1496 3201 1609 3240 non
1656 3183 1849 3239 minus
1892 3178 2185 3237 commode

203 3277 316 3353 ipsi
343 3278 452 3335 sibi
479 3276 892 3353 praescribere,
917 3292 1093 3349 quam
1131 3272 1204 3329 ab
1231 3273 1363 3331 aliis
1398 3273 1591 3331 doceri
1625 3280 1917 3347 poterant,
1902 3287 1916 3299 ·
1950 3278 2009 3325 et
2034 3265 2187 3341 quod

203 3366 282 3425 ab
307 3384 480 3441 opere
501 3365 860 3441 singulisque
883 3362 1206 3438 legionibus
1233 3360 1495 3437 singulos
1522 3361 1743 3434 legatos
1762 3357 1979 3415 Caesar
2005 3354 2185 3413 disoe-

201 3457 364 3539 dere,
393 3456 504 3511 nisi
533 3453 772 3514 munitis
797 3454 1022 3521 castris,
1051 3461 1332 3511 vetuerat.
1418 3450 1522 3519 Hi,
1550 3457 1777 3525 propter
1804 3446 2185 3551 propinquita-
2212 3442 2290 3519 85

203 3556 321 3605 tem
370 3555 428 3603 et
475 3543 832 3602 celeritatem
879 3543 1146 3611 hostium,
1193 3540 1335 3599 nihil
1380 3540 1503 3616 jam
1559 3538 1827 3595 Caesaris
1880 3536 2186 3611 imperium

203 3636 578 3713 spectabant,
623 3634 726 3693 sed
756 3652 859 3711 per
885 3652 966 3703 se,
995 3652 1146 3708 quae
1176 3630 1540 3698 videbantur,
1572 3626 2065 3689 administrabant.

285 3723 449 3785 XXI.
492 3724 730 3795 Caesar,
761 3722 1106 3781 necessariis
1143 3720 1316 3779 rebus
1359 3717 1671 3793 imperatis,
1702 3716 1775 3773 ad
1814 3713 2189 3783 cohortandos

205 3814 436 3884 milites,
459 3830 636 3893 quam
666 3814 725 3870 in
747 3822 967 3893 partem
992 3808 1106 3867 fors
1125 3809 1345 3877 obtulit,
1372 3806 1709 3864 decucurrit
1730 3815 1787 3862 et
1809 3804 1879 3862 ad
1904 3804 2187 3880 legionem

1133 3898 1142 3903 ”
1181 3902 1217 3953 5
