2709 4300
373 259 480 324 no
1101 265 1190 314 DE
1227 263 1437 316 BELu)
1472 261 1761 310 GALLIOO
1864 269 1879 280 ·
2168 262 2303 316 [cn.
2322 267 2401 317 ιε,
2416 267 2485 308 in.

495 404 742 464 transire
785 401 1160 475 decreverat3
1201 401 1304 460 sed
1337 402 1585 460 navibus
1624 401 1869 459 transire
1911 415 2099 473 neque
2126 399 2267 456 satis
2294 408 2490 460 artum

495 512 624 552 esse
645 493 1050 560 arbitrabatur,
1071 510 1260 567 neque
1287 509 1451 560 suae,
1470 509 1658 565 neque
1688 489 1891 565 Populi
1922 488 2171 546 Rotnani
2189 488 2490 564 dignitatis

493 601 622 640 esse
649 581 951 639 statuebat.
1033 578 1253 655 Itaque,
1283 580 1391 636 etsi
1418 598 1646 636 summa
1674 578 1985 636 difficultas
2014 575 2267 634 faciendi
2302 579 2490 653 pontis

497 671 916 746 proponebatur
949 678 1172 745 propter
1207 667 1589 736 latitudinem,
1610 667 1987 742 rapiditatem,
2008 665 2488 740 altitudinemque

428 769 472 824 θ
497 759 770 828 fluminis,
801 769 994 816 tamen
1029 757 1086 814 id
1127 757 1238 814 sibi
1277 755 1759 823 contendendum,
1790 764 1893 813 aut
1934 755 2105 812 aliter
2142 773 2259 812 non
2302 764 2487 812 trans-

496 846 828 904 ducendum
881 845 1203 904 exercitum
1249 845 1633 902 existimabat.
1718 843 2025 902 Rationem
2072 844 2255 920 igitur
2304 843 2488 919 pontis

497 935 648 994 hanc
697 936 960 992 instituit.
1045 933 1240 1010 Tigna
1283 933 1421 990 bina
1468 931 1911 1009 sesquipedalia,
1960 933 2205 1008 paulum
2250 932 2327 990 ab
2371 933 2488 991 imo

497 1034 829 1100 praeacuta,
859 1024 1120 1082 dimensa
1147 1021 1222 1080 ad
1249 1021 1609 1080 altitudinem
1636 1023 1911 1092 fluminis,
1940 1021 2247 1078 intervallo
2275 1021 2488 1097 pedum

497 1111 742 1170 duorum
769 1113 918 1170 inter
943 1131 1008 1170 se
1029 1111 1331 1188 jungebat.
1416 1109 1583 1168 Haec
1612 1129 1794 1187 quum
1822 1111 2345 1168 machinationibus
2382 1112 2487 1167 im-

399 1213 472 1268 ιο
499 1201 674 1258 missa
700 1202 762 1259 in
791 1202 1006 1258 flumen
1035 1200 1333 1268 defixerat,
1364 1199 1703 1274 fistucisque
1746 1199 2038 1276 adegerat,
2068 1217 2183 1256 non
2224 1199 2487 1256 sublicae

497 1289 662 1348 modo
707 1290 930 1348 directa
977 1289 1050 1346 ad
1093 1287 1591 1364 perpendiculum,
1626 1287 1728 1345 sed
1771 1307 1951 1364 prona
1992 1307 2061 1346 ac
2104 1287 2395 1364 fastigata,
2424 1297 2489 1345 ut

497 1378 818 1438 secundum
847 1389 1116 1436 naturam
1145 1377 1401 1434 fluminis
1428 1377 1903 1452 procumberent:
1932 1377 2003 1434 iis
2032 1378 2169 1434 item
2198 1378 2489 1434 contraria

499 1467 653 1538 bina,
683 1467 756 1526 ad
785 1467 1036 1526 eundem
1076 1465 1306 1524 modum
1343 1465 1569 1542 juncta,
1600 1466 1905 1524 intervallo
1932 1465 2141 1542 pedum
2166 1466 2487 1541 quadrage-

497 1573 658 1625 num,
689 1557 760 1614 ab
789 1555 1060 1614 inferiore
1095 1564 1274 1632 parte,
1305 1565 1510 1612 contra
1537 1556 1656 1611 vim
1698 1566 1871 1630 atque
1912 1557 2191 1632 impetum
2231 1555 2490 1612 fluminis

319 1659 326 1670 “
391 1659 474 1724 315
499 1663 780 1704 conversa
805 1646 1114 1702 statuebat.
1199 1642 1368 1701 Haec
1399 1652 1643 1720 utraque
1664 1645 1901 1720 insuper
1928 1643 2289 1719 bipedalibus
2315 1644 2487 1700 trabi-

499 1734 608 1791 bus
656 1735 944 1803 immissis‚
991 1741 1274 1809 quantum
1321 1750 1525 1792 corum
1568 1733 1861 1808 tignorum
1903 1733 2181 1808 junctura
2222 1731 2487 1802 distabat,

499 1821 649 1878 binis
678 1823 950 1898 utrinque
977 1821 1172 1880 fibulis
1199 1821 1272 1878 ab
1301 1831 1563 1878 extrema
1592 1831 1771 1898 parte,
1790 1821 2245 1880 distinebantur:
2277 1822 2490 1898 quibus

499 1908 786 1980 disclusis,
835 1921 1006 1986 atque
1053 1911 1112 1966 in
1158 1911 1509 1968 contrariam
1552 1921 1781 1986 partem
1826 1911 2117 1980 revinctis,
2162 1921 2321 1968 tanta
2364 1921 2490 1968 erat

497 1998 686 2072 operis
729 1998 1037 2068 firmitud0‚
1069 2009 1241 2075 atque
1283 2017 1356 2056 ea
1396 2017 1593 2056 rerum
1636 2010 1865 2069 natura,
1896 2011 1976 2069 ut,
2019 2019 2133 2076 quo
2172 2001 2359 2076 major
2399 2001 2491 2057 vis

392 2101 473 2159 20
502 2105 688 2161 aquae
717 2106 780 2144 se
809 2088 1184 2159 incitavisset‚
1215 2089 1323 2146 hoc
1368 2089 1585 2146 arctius
1626 2089 1851 2167 illigata
1878 2099 2233 2148 tenerentur.
2317 2089 2491 2148 Haec

500 2176 720 2236 directa
749 2179 986 2235 materie
1013 2178 1227 2254 injecta
1247 2179 1715 2249 contexebantur,
1736 2188 1793 2237 et
1815 2180 2097 2259 longuriis
2116 2180 2493 2255 cratibusque

501 2268 1046 2325 consternebantur:
1091 2286 1162 2325 ac
1205 2267 1385 2325 nihilo
1430 2268 1623 2325 secius
1663 2268 1925 2325 sublicae
1954 2268 2111 2325 etad
2154 2268 2493 2327 inferiorem

499 2366 722 2433 partem
743 2358 997 2415 fluminis
1015 2357 1244 2431 oblique
1267 2358 1607 2434 agebantur,
1628 2376 1779 2432 quae
1810 2376 1913 2433 pro
1936 2359 2151 2433 pariete
2170 2358 2492 2435 subjectae,

501 2454 722 2503 etcum
750 2447 905 2503 omni
945 2464 1120 2521 opere
1162 2445 1526 2519 conjunctae,
1558 2447 1675 2503 vim
1708 2446 1973 2503 fluminis
2020 2448 2389 2523 exciperent:
2432 2458 2497 2505 et

333 2586 338 2591 .
387 2546 476 2606 25
503 2533 653 2591 aliae
682 2535 816 2591 item
843 2553 1020 2609 supra
1040 2544 1266 2609 pontem
1291 2533 1565 2591 mediocri
1592 2536 1789 2610 spati0,
1812 2545 1892 2605 ut,
1912 2534 1963 2591 si
1984 2536 2255 2593 arborum
2277 2538 2495 2606 trunci,

501 2623 624 2681 sive
673 2642 870 2693 naveS,
917 2622 1224 2697 dejiciendi
1271 2623 1463 2699 operis
1506 2634 1697 2689 essent
1744 2643 1779 2679 a
1824 2624 2084 2681 barbaris
2126 2625 2357 2700 missae,
2400 2625 2499 2683 his

503 2710 898 2769 defensoribus
926 2731 1128 2772 earum
1153 2730 1344 2769 rerum
1368 2712 1455 2769 vis
1478 2712 1854 2781 minueretur,
1878 2732 1996 2769 neu
2016 2714 2173 2788 ponti
2190 2724 2493 2771 nocerent.

585 2800 804 2859 XVIII.
850 2800 1074 2859 Diebus
1113 2801 1334 2872 decem,
1370 2802 1583 2875 quibus
1630 2802 1871 2860 materia
1915 2811 2115 2877 coepta
2165 2812 2293 2859 erat
2334 2822 2497 2859 com-

503 2890 736 2967 portari,
765 2891 920 2947 omni
959 2908 1130 2965 opere
1173 2886 1395 2959 effecto,
1426 2890 1717 2948 exercitus
1757 2890 2169 2949 transducitur.
2252 2892 2497 2961 Caesar,

388 2992 480 3047 ,ao
505 2979 576 3037 ad
623 2968 924 3053 utramque
971 2989 1192 3053 partem
1238 2980 1425 3053 pontis
1468 2979 1634 3037 firmo
1676 2980 1961 3055 praesidio
2004 2980 2225 3051 relicto,
2255 2981 2316 3037 in
2346 2980 2501 3039 fines

505 3068 940 3145 Sigambrorum
984 3067 1294 3125 contendit.
1380 3066 1617 3125 Interim
1646 3087 1681 3124 a
1710 3069 2105 3145 compluribus
2154 3070 2501 3128 civitatibus

506 3158 579 3215 ad
601 3178 734 3217 eum
757 3157 936 3235 legati
955 3157 1208 3227 veniunt,
1228 3157 1439 3233 quibus
1469 3177 1670 3233 pacem
1702 3168 1873 3233 atque
1904 3160 2223 3217 amicitiam
2252 3161 2500 3237 petenti-

506 3246 615 3303 bus
645 3246 961 3304 liberaliter
1001 3247 1304 3323 respondit,
1335 3247 1674 3323 obsidesque
1705 3247 1776 3303 ad
1804 3266 1869 3305 se
1900 3248 2110 3306 adduci
2136 3248 2322 3323 jubet.
2411 3250 2504 3307 At

506 3332 814 3411 Sigambri,
845 3354 917 3391 ex
946 3355 1014 3393 eo
1041 3346 1296 3412 tempore
1337 3354 1455 3410 quo
1496 3355 1636 3410 pons
1682 3336 1903 3393 institui
1944 3347 2181 3412 coeptus
2212 3347 2323 3407 est,
2350 3336 2503 3415 fuga

391 3432 478 3487 ,35
507 3434 855 3499 comparata,
887 3424 1245 3483 hortantibus
1277 3424 1367 3493 iis,
1396 3444 1539 3499 quos
1566 3444 1639 3481 ex
1670 3422 2057 3483 Tenchtheris
2086 3434 2259 3504 atque
2288 3426 2501 3503 Usipe-

507 3512 658 3568 tibus
707 3511 859 3587 apud
907 3530 970 3569 se
1018 3512 1322 3582 habebant,
1378 3512 1590 3569 finibus
1644 3514 1767 3569 suis
1821 3524 2209 3583 excesserant,
2266 3534 2501 3591 suaque

453 3634 484 3659 0
507 3602 698 3657 omnia
751 3586 1212 3677 exportaverant]
1269 3620 1447 3678 seque
1490 3602 1551 3659 in
1604 3601 1976 3660 solitudinem
2032 3622 2102 3661 ac
2158 3602 2362 3668 silvas¹
2400 3606 2503 3661 ab·

424 3724 433 3731 ›-
507 3686 792 3744 diderant.

498 3828 510 3843 ,
592 3772 752 3827 XIX.
799 3774 1034 3844 Caesar,
1065 3796 1280 3851 paucos
1321 3778 1443 3837 dies
1484 3780 1545 3835 in
1584 3798 1787 3837 eorum
1830 3781 2043 3839 finibus
2072 3790 2349 3851 moratae,
2380 3800 2503 3838 om-
