2709 4300
192 305 307 352 Cn.
326 303 503 358 ³44⁶]
969 303 1163 352 mm
1188 301 1524 354 snmus.
2175 298 2298 361 145

190 441 571 521 magistratus
610 442 805 500 creari
830 449 1111 513 vetarem,
1140 443 1242 502 sed
1282 445 1460 502 etiam
1499 443 1562 502 in
1603 455 1809 504 senatu
1847 449 1978 505 esse
2005 447 2195 524 probi.

190 533 439 604 ἔπει-επις
484 531 693 590 Cotum
722 533 1031 612 imperium
1056 533 1343 610 deponere
1385 536 1614 612 coegit3
1659 535 2194 608 Convictolitanem,

188 623 295 698 qui
340 641 447 698 per
486 622 831 693 sacerdotes,
862 641 1021 682 more
1058 626 1327 696 civitatis,
1357 627 1702 700 intromissis
1743 629 2194 706 magistratibus,

186 722 345 770 &et
370 721 624 782 creatus,
650 723 993 790 poteoeatem
1016 715 1277 774 obtinere
1301 716 1496 791 jussit.
1764 707 1774 714 ’
2316 771 2328 780 ,

278 801 563 860 XXXIV.
609 801 749 860 Hoc·
787 803 1023 864 decreto·
1064 806 1413 882 interposite,
1451 807 1784 866 cohortatus
1826 805 2082 878 Aeduos,
2129 818 2195 867 ut
2211 811 2252 865 5

190 889 725 950 controversiarum
756 911 827 951 ac
851 893 1277 952 dissensionum
1316 892 1821 967 obliviscerentur,
1853 905 2044 974 atque,
2073 917 2192 956 om-

190 981 369 1042 uibus
412 982 667 1040 omissis
684 982 775 1039 his
824 983 1026 1054 rebus,
1060 984 1201 1042 huic
1242 984 1394 1042 bello
1434 987 1736 1057 servirent,
1785 1005 1993 1064 eaque,
2039 1005 2194 1064 quae

192 1072 565 1142 meruissent,
586 1121 589 1128 .
612 1073 877 1148 praemia
938 1071 1013 1130 ab
1070 1091 1157 1142 se,
1202 1074 1434 1133 devicta
1491 1075 1707 1146 Gallia,
1763 1084 2190 1154 exspectarent,

188 1161 637 1238 equitatumque
676 1177 926 1231 omnem,
954 1171 1013 1220 et
1040 1163 1293 1238 peditum
1336 1165 1523 1222 millia
1549 1183 1590 1224 x
1617 1166 1728 1224 sibi
1755 1165 2028 1224 celeriter
2065 1167 2190 1224 mit-

190 1259 404 1320 terent,
428 1266 585 1326 quae
610 1251 673 1308 in
702 1251 1007 1328 praesidiis
1033 1253 1131 1310 rei'
1162 1251 1578 1312 frumentariae
1619 1273 1802 1312 causa
1843 1255 2188 1332 disponeret,
2215 1255 2290 1314 10

188 1341 521 1398 exereitum
549 1340 609 1396 in
636 1339 785 1398 duas
813 1349 1007 1416 partes
1042 1341 1237 1400 divisit
1260 1361 1277 1414 3
1324 1359 1396 1400 Ν
1421 1343 1684 1419 legiones
1707 1345 1768 1400 in
1795 1343 2056 1402 Senones
2085 1345 2188 1402 Pa-

192 1428 477 1504 risiosque
520 1427 781 1488 Labieno
824 1429 1121 1488 ducendas
1166 1429 1360 1503 dedit3
1405 1449 1472 1489 w
1513 1432 1636 1508 ipse
1679 1433 1742 1489 in
1770 1433 2073 1491 Arvernos
2118 1433 2191 1491 ad

186 1517 468 1596 oppidum
508 1517 863 1596 Gergoviam
896 1517 1223 1578 seeundum
1265 1519 1485 1577 flumen
1529 1519 1752 1580 Elaver
1777 1520 1984 1594 duxit3
2029 1524 2188 1598 equi-

186 1616 347 1666 tatus
372 1616 599 1683 partem
622 1607 711 1664 illi
728 1609 1021 1678 ·attribuit‚·
1046 1617 1269 1686 partem
1298 1609 1408 1666 sibi
1447 1608 1700 1685 reliquit.
1783 1609 1924 1676 Qua
1951 1627 2016 1668 re
2057 1628 2189 1689 eog-

186 1697 331 1766 nita,
350 1695 817 1774 Vercingetorix,
834 1698 1103 1756 munibus
1118 1699 1456 1774 interruptis
1467 1699 1602 1774 ejus
1622 1699 1878 1758 fluminis
1905 1701 2188 1776 pontibus,
2213 1705 2288 1760 15

188 1786 263 1843 ab
292 1785 485 1842 altera
512 1785 787 1844 Elaveris
806 1796 969 1862 parte
996 1788 1107 1846 iter
1135 1786 1331 1846 facere
1359 1789 1566 1865 coepit.

272 1874 529 1934 XXXV.
590 1875 797 1941 Quum
840 1885 1087 1953 uterque
1130 1879 1362 1953 utrique
1409 1888 1562 1936 esset
1607 1879 1902 1936 exercitus
1949 1880 2010 1936 in
2051 1897 2189 1938 con·

184 1975 415 2042 spectu,
462 1963 699 2040 fereque
742 1985 777 2022 e
822 1967 1057 2044 regione
1106 1968 1314 2024 castris
1361 1977 1554 2026 castra
1585 1977 1852 2045 poneret,
1903 1968 2188 2046 dispositis

184 2055 669 2132 exploratoribus,
697 2055 911 2113 necubi
940 2055 1145 2114 effecto
1186 2066 1355 2134 ponte
1401 2057 1650 2116 Romani
1689 2059 1888 2136 copias
1921 2059 2185 2118 traduce-

188 2156 340 2217 rent,
370 2158 497 2205 erat
521 2147 585 2204 in
612 2148 841 2223 magnis
880 2145 1122 2205 Caesari
1164 2147 1602 2208 difficultatibus
1645 2168 1758 2221 res,
1787 2168 1863 2208 ae
1907 2152 2186 2226 majorem
2205 2156 2286 2211 20

180 2238 429 2295 amatis
474 2246 696 2313 partem
744 2238 983 2297 flumine
1030 2237 1442 2313 impediretur3
1513 2239 1667 2315 qued
1713 2258 1828 2297 non
1877 2238 1998 2297 fere
2048 2250 2182 2298 ante

184 2336 539 2385 autumnum
568 2326 791 2385 Elaver
810 2326 959 2384 vado
972 2328 1207 2385 transiri
1232 2328 1396 2387 solet.
1456 2328 1676 2404 Itaque,
1696 2346 1772 2387 ne
1791 2328 1848 2385 id
1871 2328 2180 2399 accideret,

184 2414 441 2473 silvestri
469 2416 597 2475 loco
622 2418 831 2475 castris
870 2416 1087 2492 positis,
1115 2436 1149 2477 e
1179 2418 1416 2494 regione
1459 2418 1636 2473 unius
1673 2434 1876 2473 eorum
1904 2416 2180 2491 pontium,

185 2523 337 2579 quos
362 2504 813 2581 Vercingetorix
852 2504 1261 2565 rescindendos
1300 2515 1630 2575 curaverat,
1659 2515 1884 2582 postero
1923 2505 2016 2563 die
2043 2524 2180 2563 cum

186 2612 233 2653 11
264 2594 591 2673 legionibus
618 2596 679 2653 in
706 2596 937 2654 occulto
964 2596 1205 2668 restitit3
1252 2594 1510 2673 reliquas
1528 2596 1726 2672 copias
1751 2613 1890 2653 cum
1916 2596 2182 2653 omnibus
2207 2604 2286 2659 π

184 2685 631 2761 impedimentum
662 2695 727 2743 ut
752 2696 1151 2755 consueverat,
1182 2686 1355 2755 misit,
1385 2686 1572 2760 captis
1611 2684 1956 2760 quibusdam
1983 2684 2180 2742 cohor-

184 2774 361 2843 tibus,
387 2774 479 2833 nti
506 2791 785 2832 numerus
821 2773 1114 2853 legionum
1154 2783 1420 2831 constare
1450 2772 1760 2830 videretur.
1847 2772 1975 2843 His,
2006 2790 2182 2848 quam

184 2862 525 2940 longiadme
552 2874 797 2939 possent,
818 2862 1090 2940 progredi
1107 2863 1305 2940 jussis,
1324 2863 1508 2939 quum
1531 2862 1654 2937 jam
1684 2880 1757 2919 ex
1785 2860 1898 2920 diei
1927 2870 2182 2938 tempore

182 2954 591 3030 conjecturam
632 2964 887 3030 caperet,-
930 2955 991 3011 in
1034 2964 1227 3012 castra
1270 2954 1632 3031 perventum,
1675 2952 1879 3010 iisdem
1923 2952 2180 3023 sublicis,

182 3062 437 3121 quarum
491 3062 629 3119 >pars
682 3042 921 3103 inferior
972 3044 1199 3119 integra
1252 3042 1607 3113 remanebat,
1665 3052 1892 3119 pontem
1925 3042 2181 3099 reficere
2208 3050 2286 3105 30

184 3134 397 3211 coepit.
478 3132 762 3191 Celeriter
804 3132 1011 3191 efflicte
1052 3148 1243 3209 opere,
1287 3132 1728 3211 legionibusque
1771 3130 2068 3200 traductis,
2125 3142 2184 3189 et

186 3224 319 3285 loco
360 3224 571 3283 castris
612 3222 815 3285 idoneo
840 3223 1085 3294 delecto,
1114 3222 1372 3300 reliquas
1397 3224 1592 3299 copias
1637 3222 1948 3281 revocavit.
2033 3220 2180 3279 Ver·

182 3315 531 3393 cingetorix,
561 3332 625 3371 re
666 3315 925 3392 cognita,
952 3330 1025 3371 ne
1067 3324 1269 3372 contra
1308 3330 1478 3371 suam
1506 3312 1858 3371 voluntatem
1899 3312 2182 3370 dimicare

184 3413 515 3481 cogeretur,
546 3405 773 3481 magnis
800 3404 1106 3461 itineribus
1120 3402 1464 3461 antecessit.
2135 3482 2140 3487 β

268 3490 551 3551 XXXVI.
594 3492 825 3551 Caesar
842 3512 917 3550 ex
944 3512 1015 3550 eo
1042 3492 1169 3550 loco
1192 3492 1413 3569 quintis
1439 3492 1648 3549 castris
1677 3490 2032 3567 Gergoviam
2055 3508 2177 3567 per-
2207 3487 2284 3549 ‘35

186 3582 385 3654 venit3
432 3582 803 3659 equestrique
831 3582 1047 3659 proelio
1088 3600 1157 3639 eo
1194 3577 1291 3640 die
1336 3580 1454 3637 levi
1483 3578 1654 3649 facte,
1695 3588 1992 3655 perspecto
2021 3580 2182 3637 urbis

182 3671 321 3740 situ,
350 3688 523 3746 quae,
552 3670 737 3747 posita
778 3672 839 3729 in
880 3671 1158 3728 altissimo
1198 3679 1408 3739 moute,
1421 3718 1426 3723 .
1439 3686 1638 3726 omnes
1679 3668 1868 3727 aditus
1916 3666 2182 3725 difficiles

182 3758 453 3828 habebat,
472 3758 545 3817 de
572 3760 997 3837 expugnatione
1024 3758 1390 3835 desperavit3
1435 3758 1860 3817 de'obsessione
1887 3776 2000 3814 non
2017 3756 2182 3833 prius

184 3846 479 3927 agendum
505 3849 819 3918 constituit,
850 3843 1029 3923 quam
1057 3864 1179 3905 rem
1210 3847 1650 3907 frumentariam
1672 3845 2012 3927 expedisset.
2097 3846 2182 3903 At
