<?xml version="1.0" encoding="UTF-8"?>
<!DOCTYPE html PUBLIC "-//W3C//DTD XHTML 1.0 Transitional//EN"
    "http://www.w3.org/TR/xhtml1/DTD/xhtml1-transitional.dtd">
<html xmlns="http://www.w3.org/1999/xhtml" xml:lang="en" lang="en">
 <head>
  <title>
</title>
<meta http-equiv="Content-Type" content="text/html;charset=utf-8" />
  <meta name='ocr-system' content='tesseract 3.04.00' />
  <meta name='ocr-capabilities' content='ocr_page ocr_carea ocr_par ocr_line ocrx_word'/>
</head>
<body>
  <div class='ocr_page' id='page_1' title='image "./cjuliuscaesarsc01spengoog_0132.png"; bbox 0 0 2709 4300; ppageno 0'>
   <div class='ocr_carea' id='block_1_1' title="bbox 379 256 2518 320">
    <p class='ocr_par' dir='ltr' id='par_1_1' title="bbox 379 256 2518 320">
     <span class='ocr_line' id='line_1_1' title="bbox 379 256 2518 320; baseline -0.006 -2"><span class='ocrx_word' id='word_1_1' title='bbox 379 257 525 320; x_wconf 72' lang='lat'>⁴122</span> <span class='ocrx_word' id='word_1_2' title='bbox 1082 264 1189 312; x_wconf 76' lang='lat' dir='ltr'>nn·</span> <span class='ocrx_word' id='word_1_3' title='bbox 1208 261 1418 312; x_wconf 76' lang='lat' dir='ltr'>13sz</span> <span class='ocrx_word' id='word_1_4' title='bbox 1455 261 1743 310; x_wconf 75' lang='lat' dir='ltr'>GALLloo</span> <span class='ocrx_word' id='word_1_5' title='bbox 2185 256 2330 311; x_wconf 62' lang='lat' dir='ltr'>[cn.</span> <span class='ocrx_word' id='word_1_6' title='bbox 2351 261 2518 306; x_wconf 61' lang='lat' dir='ltr'>sese.</span> 
     </span>
    </p>
   </div>
   <div class='ocr_carea' id='block_1_2' title="bbox 394 394 2580 3665">
    <p class='ocr_par' dir='ltr' id='par_1_2' title="bbox 394 394 2580 3665">
     <span class='ocr_line' id='line_1_2' title="bbox 498 394 2518 465; baseline -0.006 -3"><span class='ocrx_word' id='word_1_7' title='bbox 498 413 561 462; x_wconf 85' lang='lat' dir='ltr'>et</span> <span class='ocrx_word' id='word_1_8' title='bbox 588 403 939 462; x_wconf 80' lang='lat' dir='ltr'>Anartium:</span> <span class='ocrx_word' id='word_1_9' title='bbox 982 402 1119 460; x_wconf 84' lang='lat' dir='ltr'>hino</span> <span class='ocrx_word' id='word_1_10' title='bbox 1144 421 1209 460; x_wconf 82' lang='lat' dir='ltr'>se</span> <span class='ocrx_word' id='word_1_11' title='bbox 1238 401 1416 460; x_wconf 82' lang='lat' dir='ltr'>flectit</span> <span class='ocrx_word' id='word_1_12' title='bbox 1441 399 1822 465; x_wconf 67' lang='lat' dir='ltr'>sinistrorsus,</span> <span class='ocrx_word' id='word_1_13' title='bbox 1849 395 2106 452; x_wconf 79' lang='lat' dir='ltr'>diversis·</span> <span class='ocrx_word' id='word_1_14' title='bbox 2135 394 2214 450; x_wconf 76' lang='lat' dir='ltr'>nb</span> <span class='ocrx_word' id='word_1_15' title='bbox 2253 395 2518 452; x_wconf 79' lang='lat' dir='ltr'>flumine</span> 
     </span>
     <span class='ocr_line' id='line_1_3' title="bbox 500 483 2518 570; baseline -0.006 -19"><span class='ocrx_word' id='word_1_16' title='bbox 500 493 849 570; x_wconf 73' lang='lat' dir='ltr'>regionibus,</span> <span class='ocrx_word' id='word_1_17' title='bbox 874 491 1305 568; x_wconf 84' lang='lat' dir='ltr'>multarumque</span> <span class='ocrx_word' id='word_1_18' title='bbox 1326 490 1586 566; x_wconf 86' lang='lat' dir='ltr'>gentium</span> <span class='ocrx_word' id='word_1_19' title='bbox 1607 487 1754 544; x_wconf 80' lang='lat' dir='ltr'>fines</span> <span class='ocrx_word' id='word_1_20' title='bbox 1775 494 2006 561; x_wconf 87' lang='lat' dir='ltr'>propter</span> <span class='ocrx_word' id='word_1_21' title='bbox 2031 483 2518 560; x_wconf 77' lang='lat' dir='ltr'><strong>magnitudinem</strong></span> 
     </span>
     <span class='ocr_line' id='line_1_4' title="bbox 498 573 2519 658; baseline -0.004 -20"><span class='ocrx_word' id='word_1_22' title='bbox 498 581 765 658; x_wconf 81' lang='lat' dir='ltr'>attingit:</span> <span class='ocrx_word' id='word_1_23' title='bbox 806 597 997 656; x_wconf 83' lang='lat' dir='ltr'>neque</span> <span class='ocrx_word' id='word_1_24' title='bbox 1034 579 1342 656; x_wconf 81' lang='lat' dir='ltr'>quisquam</span> <span class='ocrx_word' id='word_1_25' title='bbox 1384 588 1472 636; x_wconf 80' lang='lat' dir='ltr'>est</span> <span class='ocrx_word' id='word_1_26' title='bbox 1517 577 1692 652; x_wconf 83' lang='lat' dir='ltr'>hujus</span> <span class='ocrx_word' id='word_1_27' title='bbox 1737 573 2116 644; x_wconf 71' lang='lat' dir='ltr'>Germaniae,</span> <span class='ocrx_word' id='word_1_28' title='bbox 2139 573 2246 649; x_wconf 86' lang='lat' dir='ltr'>qui</span> <span class='ocrx_word' id='word_1_29' title='bbox 2287 593 2364 630; x_wconf 81' lang='lat' dir='ltr'>se</span> <span class='ocrx_word' id='word_1_30' title='bbox 2409 583 2519 630; x_wconf 85' lang='lat' dir='ltr'>aut</span> 
     </span>
     <span class='ocr_line' id='line_1_5' title="bbox 500 662 2517 742; baseline -0.004 -14"><span class='ocrx_word' id='word_1_31' title='bbox 500 669 691 728; x_wconf 73' lang='lat' dir='ltr'>edisse</span> <span class='ocrx_word' id='word_1_32' title='bbox 734 669 806 728; x_wconf 90' lang='lat' dir='ltr'>ad</span> <span class='ocrx_word' id='word_1_33' title='bbox 860 669 1091 730; x_wconf 82' lang='lat' dir='ltr'>initium</span> <span class='ocrx_word' id='word_1_34' title='bbox 1126 668 1257 742; x_wconf 81' lang='lat' dir='ltr'>ejus</span> <span class='ocrx_word' id='word_1_35' title='bbox 1304 667 1488 726; x_wconf 76' lang='lat' dir='ltr'>silvae</span> <span class='ocrx_word' id='word_1_36' title='bbox 1535 665 1709 735; x_wconf 82' lang='lat' dir='ltr'>dicat,</span> <span class='ocrx_word' id='word_1_37' title='bbox 1753 681 1936 740; x_wconf 85' lang='lat' dir='ltr'>quum</span> <span class='ocrx_word' id='word_1_38' title='bbox 1983 663 2210 720; x_wconf 85' lang='lat' dir='ltr'>dierum</span> <span class='ocrx_word' id='word_1_39' title='bbox 2255 662 2382 720; x_wconf 86' lang='lat' dir='ltr'>iter</span> <span class='ocrx_word' id='word_1_40' title='bbox 2435 680 2517 720; x_wconf 74' lang='lat' dir='ltr'>nx</span> 
     </span>
     <span class='ocr_line' id='line_1_6' title="bbox 436 751 2518 835; baseline -0.006 -15"><span class='ocrx_word' id='word_1_41' title='bbox 436 763 477 820; x_wconf 70' lang='lat'><strong>⁶</strong></span> <span class='ocrx_word' id='word_1_42' title='bbox 502 759 859 835; x_wconf 72' lang='lat' dir='ltr'>processerit,</span> <span class='ocrx_word' id='word_1_43' title='bbox 890 767 1007 827; x_wconf 78' lang='lat' dir='ltr'>eut,</span> <span class='ocrx_word' id='word_1_44' title='bbox 1036 775 1153 832; x_wconf 85' lang='lat' dir='ltr'>que</span> <span class='ocrx_word' id='word_1_45' title='bbox 1176 775 1251 813; x_wconf 81' lang='lat' dir='ltr'>ex</span> <span class='ocrx_word' id='word_1_46' title='bbox 1279 756 1408 814; x_wconf 87' lang='lat' dir='ltr'>loco</span> <span class='ocrx_word' id='word_1_47' title='bbox 1431 756 1670 824; x_wconf 86' lang='lat' dir='ltr'>oriatur,</span> <span class='ocrx_word' id='word_1_48' title='bbox 1699 753 2008 830; x_wconf 81' lang='lat' dir='ltr'>acceperit.</span> <span class='ocrx_word' id='word_1_49' title='bbox 2095 751 2290 810; x_wconf 82' lang='lat' dir='ltr'>Multa</span> <span class='ocrx_word' id='word_1_50' title='bbox 2329 753 2398 808; x_wconf 86' lang='lat' dir='ltr'>in</span> <span class='ocrx_word' id='word_1_51' title='bbox 2441 770 2518 808; x_wconf 84' lang='lat' dir='ltr'>ea</span> 
     </span>
     <span class='ocr_line' id='line_1_7' title="bbox 500 841 2516 926; baseline -0.004 -22"><span class='ocrx_word' id='word_1_52' title='bbox 500 863 719 926; x_wconf 81' lang='lat' dir='ltr'>genera</span> <span class='ocrx_word' id='word_1_53' title='bbox 746 846 1001 906; x_wconf 81' lang='lat' dir='ltr'>ferarum</span> <span class='ocrx_word' id='word_1_54' title='bbox 1030 846 1193 902; x_wconf 76' lang='lat' dir='ltr'>nesci</span> <span class='ocrx_word' id='word_1_55' title='bbox 1218 853 1460 914; x_wconf 84' lang='lat' dir='ltr'>constat,</span> <span class='ocrx_word' id='word_1_56' title='bbox 1487 861 1642 919; x_wconf 84' lang='lat' dir='ltr'>quae</span> <span class='ocrx_word' id='word_1_57' title='bbox 1673 843 1912 920; x_wconf 64' lang='lat' dir='ltr'>reliqffis</span> <span class='ocrx_word' id='word_1_58' title='bbox 1951 842 2012 898; x_wconf 85' lang='lat' dir='ltr'>in</span> <span class='ocrx_word' id='word_1_59' title='bbox 2053 841 2196 900; x_wconf 87' lang='lat' dir='ltr'>locis</span> <span class='ocrx_word' id='word_1_60' title='bbox 2225 842 2364 900; x_wconf 79' lang='lat' dir='ltr'>visa</span> <span class='ocrx_word' id='word_1_61' title='bbox 2395 859 2516 918; x_wconf 65' lang='lat' dir='ltr'>non</span> 
     </span>
     <span class='ocr_line' id='line_1_8' title="bbox 500 931 2580 1012; baseline -0.001 -18"><span class='ocrx_word' id='word_1_62' title='bbox 500 937 651 994; x_wconf 88' lang='lat' dir='ltr'>sint:</span> <span class='ocrx_word' id='word_1_63' title='bbox 692 953 767 994; x_wconf 79' lang='lat' dir='ltr'>ex</span> <span class='ocrx_word' id='word_1_64' title='bbox 794 936 1025 1012; x_wconf 83' lang='lat' dir='ltr'>quibus,</span> <span class='ocrx_word' id='word_1_65' title='bbox 1048 951 1199 1010; x_wconf 79' lang='lat' dir='ltr'>qua-e</span> <span class='ocrx_word' id='word_1_66' title='bbox 1224 934 1478 990; x_wconf 74' lang='lat' dir='ltr'>maxime</span> <span class='ocrx_word' id='word_1_67' title='bbox 1502 931 1774 990; x_wconf 81' lang='lat' dir='ltr'>differant</span> <span class='ocrx_word' id='word_1_68' title='bbox 1801 931 1876 988; x_wconf 82' lang='lat' dir='ltr'>ab</span> <span class='ocrx_word' id='word_1_69' title='bbox 1901 932 2168 1000; x_wconf 85' lang='lat' dir='ltr'>caeteris,</span> <span class='ocrx_word' id='word_1_70' title='bbox 2191 940 2253 988; x_wconf 92' lang='lat' dir='ltr'>et</span> <span class='ocrx_word' id='word_1_71' title='bbox 2281 949 2512 988; x_wconf 80' lang='lat' dir='ltr'>memo-</span> <span class='ocrx_word' id='word_1_72' title='bbox 2573 988 2580 992; x_wconf 83' lang='lat'><em>.</em></span> 
     </span>
     <span class='ocr_line' id='line_1_9' title="bbox 490 1022 1656 1101; baseline -0.004 -19"><span class='ocrx_word' id='word_1_73' title='bbox 490 1026 625 1082; x_wconf 68' lang='lat' dir='ltr'>riae</span> <span class='ocrx_word' id='word_1_74' title='bbox 652 1023 941 1101; x_wconf 83' lang='lat' dir='ltr'>prodenda</span> <span class='ocrx_word' id='word_1_75' title='bbox 969 1023 1294 1091; x_wconf 79' lang='lat' dir='ltr'>videantur,</span> <span class='ocrx_word' id='word_1_76' title='bbox 1322 1022 1474 1080; x_wconf 88' lang='lat' dir='ltr'>haec</span> <span class='ocrx_word' id='word_1_77' title='bbox 1501 1029 1656 1081; x_wconf 81' lang='lat' dir='ltr'>sunt.</span> 
     </span>
     <span class='ocr_line' id='line_1_10' title="bbox 584 1107 2517 1188; baseline -0.004 -17"><span class='ocrx_word' id='word_1_78' title='bbox 584 1111 808 1171; x_wconf 89' lang='lat' dir='ltr'><strong>XXVI.</strong></span> <span class='ocrx_word' id='word_1_79' title='bbox 854 1111 963 1170; x_wconf 62' lang='lat' dir='ltr'>En</span> <span class='ocrx_word' id='word_1_80' title='bbox 1000 1113 1101 1170; x_wconf 84' lang='lat' dir='ltr'>bos</span> <span class='ocrx_word' id='word_1_81' title='bbox 1142 1113 1305 1170; x_wconf 83' lang='lat' dir='ltr'>cervi</span> <span class='ocrx_word' id='word_1_82' title='bbox 1354 1111 1568 1188; x_wconf 83' lang='lat' dir='ltr'>figura,</span> <span class='ocrx_word' id='word_1_83' title='bbox 1597 1110 1770 1185; x_wconf 86' lang='lat' dir='ltr'>cujus</span> <span class='ocrx_word' id='word_1_84' title='bbox 1811 1127 1848 1166; x_wconf 80' lang='lat' dir='ltr'>a</span> <span class='ocrx_word' id='word_1_85' title='bbox 1887 1108 2076 1178; x_wconf 68' lang='lat' dir='ltr'>media</span> <span class='ocrx_word' id='word_1_86' title='bbox 2117 1107 2308 1170; x_wconf 75' lang='lat' dir='ltr'>fronte</span> <span class='ocrx_word' id='word_1_87' title='bbox 2353 1111 2517 1168; x_wconf 84' lang='lat' dir='ltr'>inter</span> 
     </span>
     <span class='ocr_line' id='line_1_11' title="bbox 404 1197 2511 1275; baseline -0.004 -11"><span class='ocrx_word' id='word_1_88' title='bbox 404 1207 479 1264; x_wconf 89' lang='lat'>10</span> <span class='ocrx_word' id='word_1_89' title='bbox 504 1219 679 1260; x_wconf 79' lang='lat' dir='ltr'>aures</span> <span class='ocrx_word' id='word_1_90' title='bbox 706 1219 889 1260; x_wconf 84' lang='lat' dir='ltr'>unum</span> <span class='ocrx_word' id='word_1_91' title='bbox 918 1219 1101 1260; x_wconf 83' lang='lat' dir='ltr'>cornu</span> <span class='ocrx_word' id='word_1_92' title='bbox 1128 1201 1368 1269; x_wconf 78' lang='lat' dir='ltr'>exsistit,</span> <span class='ocrx_word' id='word_1_93' title='bbox 1397 1200 1689 1258; x_wconf 77' lang='lat' dir='ltr'>excelsius</span> <span class='ocrx_word' id='word_1_94' title='bbox 1729 1199 2030 1275; x_wconf 75' lang='lat' dir='ltr'>magisque</span> <span class='ocrx_word' id='word_1_95' title='bbox 2071 1197 2367 1255; x_wconf 83' lang='lat' dir='ltr'>directum</span> <span class='ocrx_word' id='word_1_96' title='bbox 2400 1199 2511 1267; x_wconf 83' lang='lat' dir='ltr'>his,</span> 
     </span>
     <span class='ocr_line' id='line_1_12' title="bbox 496 1287 2510 1394; baseline -0.003 -44"><span class='ocrx_word' id='word_1_97' title='bbox 496 1309 655 1394; x_wconf 76' lang='lat' dir='ltr'>quae</span> <span class='ocrx_word' id='word_1_98' title='bbox 668 1291 831 1349; x_wconf 87' lang='lat' dir='ltr'>nobis</span> <span class='ocrx_word' id='word_1_99' title='bbox 848 1300 981 1348; x_wconf 71' lang='lat' dir='ltr'>notu</span> <span class='ocrx_word' id='word_1_100' title='bbox 998 1300 1150 1360; x_wconf 75' lang='lat' dir='ltr'>sunt,</span> <span class='ocrx_word' id='word_1_101' title='bbox 1174 1290 1466 1348; x_wconf 84' lang='lat' dir='ltr'>cornibus.</span> <span class='ocrx_word' id='word_1_102' title='bbox 1550 1289 1648 1346; x_wconf 79' lang='lat' dir='ltr'>Ab</span> <span class='ocrx_word' id='word_1_103' title='bbox 1665 1288 1794 1362; x_wconf 87' lang='lat' dir='ltr'>ejus</span> <span class='ocrx_word' id='word_1_104' title='bbox 1813 1305 2056 1356; x_wconf 86' lang='lat' dir='ltr'>summo,</span> <span class='ocrx_word' id='word_1_105' title='bbox 2075 1288 2232 1344; x_wconf 80' lang='lat' dir='ltr'>sicut</span> <span class='ocrx_word' id='word_1_106' title='bbox 2249 1287 2510 1364; x_wconf 81' lang='lat' dir='ltr'>palmae,</span> 
     </span>
     <span class='ocr_line' id='line_1_13' title="bbox 504 1375 2514 1490; baseline -0.002 -52"><span class='ocrx_word' id='word_1_107' title='bbox 504 1381 653 1438; x_wconf 83' lang='lat' dir='ltr'>rami</span> <span class='ocrx_word' id='word_1_108' title='bbox 680 1397 857 1456; x_wconf 86' lang='lat' dir='ltr'>quam</span> <span class='ocrx_word' id='word_1_109' title='bbox 885 1379 1002 1440; x_wconf 73' lang='lat' dir='ltr'>lete</span> <span class='ocrx_word' id='word_1_110' title='bbox 1028 1377 1448 1438; x_wconf 83' lang='lat' dir='ltr'>diffunduntur.</span> <span class='ocrx_word' id='word_1_111' title='bbox 1532 1375 1758 1434; x_wconf 81' lang='lat' dir='ltr'>Eadem</span> <span class='ocrx_word' id='word_1_112' title='bbox 1785 1385 1871 1436; x_wconf 84' lang='lat' dir='ltr'>est</span> <span class='ocrx_word' id='word_1_113' title='bbox 1911 1375 2160 1434; x_wconf 80' lang='lat' dir='ltr'>feminae</span> <span class='ocrx_word' id='word_1_114' title='bbox 2201 1377 2514 1490; x_wconf 78' lang='lat' dir='ltr'>marisque</span> 
     </span>
     <span class='ocr_line' id='line_1_14' title="bbox 504 1466 1994 1544; baseline -0.005 -15"><span class='ocrx_word' id='word_1_115' title='bbox 504 1479 731 1538; x_wconf 83' lang='lat' dir='ltr'>natura,</span> <span class='ocrx_word' id='word_1_116' title='bbox 760 1469 965 1526; x_wconf 84' lang='lat' dir='ltr'>eadem</span> <span class='ocrx_word' id='word_1_117' title='bbox 994 1467 1179 1526; x_wconf 79' lang='lat' dir='ltr'>forma</span> <span class='ocrx_word' id='word_1_118' title='bbox 1206 1466 1658 1544; x_wconf 70' lang='lat' dir='ltr'>magnitudoque</span> <span class='ocrx_word' id='word_1_119' title='bbox 1685 1480 1994 1524; x_wconf 78' lang='lat' dir='ltr'>cornuum.</span> 
     </span>
     <span class='ocr_line' id='line_1_15' title="bbox 590 1554 2512 1632; baseline -0.002 -16"><span class='ocrx_word' id='word_1_120' title='bbox 590 1556 843 1616; x_wconf 88' lang='lat' dir='ltr'>XXVII.</span> <span class='ocrx_word' id='word_1_121' title='bbox 888 1557 1039 1614; x_wconf 84' lang='lat' dir='ltr'>Sunt</span> <span class='ocrx_word' id='word_1_122' title='bbox 1078 1558 1232 1626; x_wconf 84' lang='lat' dir='ltr'>item,</span> <span class='ocrx_word' id='word_1_123' title='bbox 1260 1575 1416 1632; x_wconf 87' lang='lat' dir='ltr'>quae</span> <span class='ocrx_word' id='word_1_124' title='bbox 1457 1555 1822 1631; x_wconf 73' lang='lat' dir='ltr'>appellantur</span> <span class='ocrx_word' id='word_1_125' title='bbox 1850 1555 2052 1612; x_wconf 84' lang='lat' dir='ltr'>Alces.</span> <span class='ocrx_word' id='word_1_126' title='bbox 2139 1554 2379 1612; x_wconf 81' lang='lat' dir='ltr'>Harum</span> <span class='ocrx_word' id='word_1_127' title='bbox 2423 1566 2512 1614; x_wconf 86' lang='lat' dir='ltr'>est</span> 
     </span>
     <span class='ocr_line' id='line_1_16' title="bbox 408 1643 2510 1722; baseline -0.003 -13"><span class='ocrx_word' id='word_1_128' title='bbox 408 1655 481 1716; x_wconf 77' lang='lat'>15</span> <span class='ocrx_word' id='word_1_129' title='bbox 506 1647 823 1706; x_wconf 81' lang='lat' dir='ltr'>consimilis</span> <span class='ocrx_word' id='word_1_130' title='bbox 848 1647 1043 1721; x_wconf 82' lang='lat' dir='ltr'>capris</span> <span class='ocrx_word' id='word_1_131' title='bbox 1070 1645 1281 1722; x_wconf 81' lang='lat' dir='ltr'>figura,</span> <span class='ocrx_word' id='word_1_132' title='bbox 1304 1655 1365 1703; x_wconf 91' lang='lat' dir='ltr'>et</span> <span class='ocrx_word' id='word_1_133' title='bbox 1385 1645 1634 1702; x_wconf 75' lang='lat' dir='ltr'>varietas</span> <span class='ocrx_word' id='word_1_134' title='bbox 1662 1643 1902 1720; x_wconf 76' lang='lat' dir='ltr'>pellium</span> <span class='ocrx_word' id='word_1_135' title='bbox 1923 1663 1942 1716; x_wconf 80' lang='lat'>3</span> <span class='ocrx_word' id='word_1_136' title='bbox 1973 1643 2074 1702; x_wconf 87' lang='lat' dir='ltr'>sed</span> <span class='ocrx_word' id='word_1_137' title='bbox 2101 1645 2510 1721; x_wconf 76' lang='lat' dir='ltr'>magnitudine</span> 
     </span>
     <span class='ocr_line' id='line_1_17' title="bbox 506 1733 2508 1812; baseline -0 -19"><span class='ocrx_word' id='word_1_138' title='bbox 506 1735 679 1812; x_wconf 86' lang='lat' dir='ltr'>paulo</span> <span class='ocrx_word' id='word_1_139' title='bbox 722 1735 1086 1804; x_wconf 87' lang='lat' dir='ltr'>antecedunt,</span> <span class='ocrx_word' id='word_1_140' title='bbox 1132 1734 1488 1808; x_wconf 76' lang='lat' dir='ltr'>mutilaeque</span> <span class='ocrx_word' id='word_1_141' title='bbox 1529 1743 1666 1790; x_wconf 82' lang='lat' dir='ltr'>sunt</span> <span class='ocrx_word' id='word_1_142' title='bbox 1707 1733 1996 1803; x_wconf 88' lang='lat' dir='ltr'>cornibus,</span> <span class='ocrx_word' id='word_1_143' title='bbox 2041 1742 2101 1794; x_wconf 87' lang='lat' dir='ltr'>et</span> <span class='ocrx_word' id='word_1_144' title='bbox 2145 1752 2328 1792; x_wconf 84' lang='lat' dir='ltr'>crura</span> <span class='ocrx_word' id='word_1_145' title='bbox 2379 1736 2508 1792; x_wconf 85' lang='lat' dir='ltr'>sine</span> 
     </span>
     <span class='ocr_line' id='line_1_18' title="bbox 502 1822 2506 1899; baseline 0 -19"><span class='ocrx_word' id='word_1_146' title='bbox 502 1824 669 1880; x_wconf 81' lang='lat' dir='ltr'>nodis</span> <span class='ocrx_word' id='word_1_147' title='bbox 698 1824 1081 1899; x_wconf 70' lang='lat' dir='ltr'>articulisque</span> <span class='ocrx_word' id='word_1_148' title='bbox 1108 1823 1357 1894; x_wconf 78' lang='lat' dir='ltr'>habent3</span> <span class='ocrx_word' id='word_1_149' title='bbox 1403 1839 1592 1898; x_wconf 88' lang='lat' dir='ltr'>neque</span> <span class='ocrx_word' id='word_1_150' title='bbox 1621 1822 1832 1897; x_wconf 87' lang='lat' dir='ltr'>quietis</span> <span class='ocrx_word' id='word_1_151' title='bbox 1859 1840 2040 1880; x_wconf 80' lang='lat' dir='ltr'>causa</span> <span class='ocrx_word' id='word_1_152' title='bbox 2078 1825 2506 1898; x_wconf 84' lang='lat' dir='ltr'>procumbunt:</span> 
     </span>
     <span class='ocr_line' id='line_1_19' title="bbox 504 1910 2506 1988; baseline 0.001 -20"><span class='ocrx_word' id='word_1_153' title='bbox 504 1930 713 1986; x_wconf 85' lang='lat' dir='ltr'>neque,</span> <span class='ocrx_word' id='word_1_154' title='bbox 760 1914 813 1970; x_wconf 88' lang='lat' dir='ltr'>si</span> <span class='ocrx_word' id='word_1_155' title='bbox 858 1931 975 1988; x_wconf 90' lang='lat' dir='ltr'>quo</span> <span class='ocrx_word' id='word_1_156' title='bbox 1013 1912 1261 1971; x_wconf 81' lang='lat' dir='ltr'>afflictae</span> <span class='ocrx_word' id='word_1_157' title='bbox 1304 1931 1450 1970; x_wconf 87' lang='lat' dir='ltr'>casu</span> <span class='ocrx_word' id='word_1_158' title='bbox 1493 1910 1873 1980; x_wconf 78' lang='lat' dir='ltr'>conciderint,</span> <span class='ocrx_word' id='word_1_159' title='bbox 1927 1911 2158 1987; x_wconf 86' lang='lat' dir='ltr'>erigere</span> <span class='ocrx_word' id='word_1_160' title='bbox 2213 1931 2348 1970; x_wconf 84' lang='lat' dir='ltr'>sese</span> <span class='ocrx_word' id='word_1_161' title='bbox 2405 1923 2506 1970; x_wconf 89' lang='lat' dir='ltr'>aut</span> 
     </span>
     <span class='ocr_line' id='line_1_20' title="bbox 506 1999 2508 2076; baseline 0.001 -20"><span class='ocrx_word' id='word_1_162' title='bbox 506 1999 813 2058; x_wconf 74' lang='lat' dir='ltr'>sublevare</span> <span class='ocrx_word' id='word_1_163' title='bbox 842 2009 1097 2076; x_wconf 87' lang='lat' dir='ltr'>possunt.</span> <span class='ocrx_word' id='word_1_164' title='bbox 1184 1999 1297 2058; x_wconf 82' lang='lat' dir='ltr'>His</span> <span class='ocrx_word' id='word_1_165' title='bbox 1333 2010 1471 2058; x_wconf 84' lang='lat' dir='ltr'>sunt</span> <span class='ocrx_word' id='word_1_166' title='bbox 1513 2000 1746 2058; x_wconf 81' lang='lat' dir='ltr'>arbores</span> <span class='ocrx_word' id='word_1_167' title='bbox 1785 2018 1888 2076; x_wconf 87' lang='lat' dir='ltr'>pro</span> <span class='ocrx_word' id='word_1_168' title='bbox 1923 1999 2256 2058; x_wconf 86' lang='lat' dir='ltr'>cubilibus:</span> <span class='ocrx_word' id='word_1_169' title='bbox 2301 2001 2376 2058; x_wconf 78' lang='lat' dir='ltr'>ed</span> <span class='ocrx_word' id='word_1_170' title='bbox 2403 2021 2508 2058; x_wconf 81' lang='lat' dir='ltr'>eus</span> 
     </span>
     <span class='ocr_line' id='line_1_21' title="bbox 394 2088 2502 2165; baseline 0.001 -21"><span class='ocrx_word' id='word_1_171' title='bbox 394 2095 483 2152; x_wconf 60' lang='lat'>20</span> <span class='ocrx_word' id='word_1_172' title='bbox 508 2107 571 2144; x_wconf 85' lang='lat' dir='ltr'>se</span> <span class='ocrx_word' id='word_1_173' title='bbox 600 2088 911 2164; x_wconf 77' lang='lat' dir='ltr'>applicent,</span> <span class='ocrx_word' id='word_1_174' title='bbox 943 2099 1115 2165; x_wconf 84' lang='lat' dir='ltr'>atque</span> <span class='ocrx_word' id='word_1_175' title='bbox 1144 2089 1242 2159; x_wconf 75' lang='lat' dir='ltr'>ita,</span> <span class='ocrx_word' id='word_1_176' title='bbox 1274 2089 1518 2165; x_wconf 82' lang='lat' dir='ltr'>paulum</span> <span class='ocrx_word' id='word_1_177' title='bbox 1551 2088 1716 2146; x_wconf 89' lang='lat' dir='ltr'>modo</span> <span class='ocrx_word' id='word_1_178' title='bbox 1757 2088 2091 2159; x_wconf 71' lang='lat' dir='ltr'>reclinatae,</span> <span class='ocrx_word' id='word_1_179' title='bbox 2121 2090 2382 2165; x_wconf 86' lang='lat' dir='ltr'>quietem</span> <span class='ocrx_word' id='word_1_180' title='bbox 2407 2109 2502 2148; x_wconf 80' lang='lat' dir='ltr'>ca-</span> 
     </span>
     <span class='ocr_line' id='line_1_22' title="bbox 508 2178 2501 2255; baseline 0.002 -21"><span class='ocrx_word' id='word_1_181' title='bbox 508 2178 673 2255; x_wconf 86' lang='lat' dir='ltr'>piunt</span> <span class='ocrx_word' id='word_1_182' title='bbox 697 2198 712 2234; x_wconf 90' lang='lat'><strong>:</strong></span> <span class='ocrx_word' id='word_1_183' title='bbox 754 2195 1007 2253; x_wconf 83' lang='lat' dir='ltr'>quarum</span> <span class='ocrx_word' id='word_1_184' title='bbox 1034 2196 1109 2235; x_wconf 77' lang='lat' dir='ltr'>ex</span> <span class='ocrx_word' id='word_1_185' title='bbox 1138 2180 1402 2255; x_wconf 80' lang='lat' dir='ltr'>vestigiis</span> <span class='ocrx_word' id='word_1_186' title='bbox 1441 2198 1624 2255; x_wconf 85' lang='lat' dir='ltr'>quum</span> <span class='ocrx_word' id='word_1_187' title='bbox 1649 2188 1738 2237; x_wconf 84' lang='lat' dir='ltr'>est</span> <span class='ocrx_word' id='word_1_188' title='bbox 1767 2178 2236 2237; x_wconf 76' lang='lat' dir='ltr'>animadversum</span> <span class='ocrx_word' id='word_1_189' title='bbox 2264 2199 2302 2237; x_wconf 79' lang='lat' dir='ltr'><strong>a</strong></span> <span class='ocrx_word' id='word_1_190' title='bbox 2329 2199 2501 2237; x_wconf 85' lang='lat' dir='ltr'>vena-</span> 
     </span>
     <span class='ocr_line' id='line_1_23' title="bbox 506 2267 2504 2343; baseline 0.001 -18"><span class='ocrx_word' id='word_1_191' title='bbox 506 2267 745 2337; x_wconf 86' lang='lat' dir='ltr'>toribus,</span> <span class='ocrx_word' id='word_1_192' title='bbox 794 2284 911 2343; x_wconf 91' lang='lat' dir='ltr'>quo</span> <span class='ocrx_word' id='word_1_193' title='bbox 952 2286 1017 2325; x_wconf 83' lang='lat' dir='ltr'>se</span> <span class='ocrx_word' id='word_1_194' title='bbox 1066 2268 1325 2343; x_wconf 85' lang='lat' dir='ltr'>recipere</span> <span class='ocrx_word' id='word_1_195' title='bbox 1377 2269 1727 2337; x_wconf 82' lang='lat' dir='ltr'>consuerint,</span> <span class='ocrx_word' id='word_1_196' title='bbox 1777 2286 1976 2326; x_wconf 85' lang='lat' dir='ltr'>omnes</span> <span class='ocrx_word' id='word_1_197' title='bbox 2023 2286 2094 2325; x_wconf 90' lang='lat' dir='ltr'>eo</span> <span class='ocrx_word' id='word_1_198' title='bbox 2141 2268 2270 2326; x_wconf 91' lang='lat' dir='ltr'>loco</span> <span class='ocrx_word' id='word_1_199' title='bbox 2319 2278 2420 2327; x_wconf 83' lang='lat' dir='ltr'>aut</span> <span class='ocrx_word' id='word_1_200' title='bbox 2447 2290 2504 2327; x_wconf 70' lang='lat' dir='ltr'>a</span> 
     </span>
     <span class='ocr_line' id='line_1_24' title="bbox 510 2355 2504 2427; baseline 0.002 -14"><span class='ocrx_word' id='word_1_201' title='bbox 510 2356 804 2415; x_wconf 70' lang='lat' dir='ltr'>radicibus</span> <span class='ocrx_word' id='word_1_202' title='bbox 830 2357 1121 2415; x_wconf 86' lang='lat' dir='ltr'>subruunt</span> <span class='ocrx_word' id='word_1_203' title='bbox 1162 2366 1265 2414; x_wconf 81' lang='lat' dir='ltr'>aut</span> <span class='ocrx_word' id='word_1_204' title='bbox 1306 2356 1580 2415; x_wconf 77' lang='lat' dir='ltr'>accidunt</span> <span class='ocrx_word' id='word_1_205' title='bbox 1621 2358 1853 2415; x_wconf 79' lang='lat' dir='ltr'>arbores</span> <span class='ocrx_word' id='word_1_206' title='bbox 1895 2355 2138 2427; x_wconf 74' lang='lat' dir='ltr'>tentum,</span> <span class='ocrx_word' id='word_1_207' title='bbox 2169 2368 2233 2415; x_wconf 89' lang='lat' dir='ltr'>ut</span> <span class='ocrx_word' id='word_1_208' title='bbox 2273 2378 2504 2417; x_wconf 84' lang='lat' dir='ltr'>summa</span> 
     </span>
     <span class='ocr_line' id='line_1_25' title="bbox 510 2446 2502 2523; baseline 0.001 -20"><span class='ocrx_word' id='word_1_209' title='bbox 510 2448 735 2522; x_wconf 85' lang='lat' dir='ltr'>species</span> <span class='ocrx_word' id='word_1_210' title='bbox 762 2464 965 2505; x_wconf 88' lang='lat' dir='ltr'>earum</span> <span class='ocrx_word' id='word_1_211' title='bbox 1006 2447 1282 2505; x_wconf 83' lang='lat' dir='ltr'>stantium</span> <span class='ocrx_word' id='word_1_212' title='bbox 1324 2446 1707 2521; x_wconf 81' lang='lat' dir='ltr'>relinquatur.</span> <span class='ocrx_word' id='word_1_213' title='bbox 1793 2446 1931 2505; x_wconf 86' lang='lat' dir='ltr'>Huc</span> <span class='ocrx_word' id='word_1_214' title='bbox 1959 2464 2140 2523; x_wconf 86' lang='lat' dir='ltr'>quum</span> <span class='ocrx_word' id='word_1_215' title='bbox 2169 2467 2232 2505; x_wconf 88' lang='lat' dir='ltr'>se</span> <span class='ocrx_word' id='word_1_216' title='bbox 2261 2466 2502 2509; x_wconf 84' lang='lat' dir='ltr'>censue-</span> 
     </span>
     <span class='ocr_line' id='line_1_26' title="bbox 402 2534 2504 2660; baseline -0.001 -63"><span class='ocrx_word' id='word_1_217' title='bbox 402 2542 485 2597; x_wconf 70' lang='lat'>2⁶</span> <span class='ocrx_word' id='word_1_218' title='bbox 510 2534 711 2593; x_wconf 86' lang='lat' dir='ltr'>tudine</span> <span class='ocrx_word' id='word_1_219' title='bbox 738 2536 1165 2605; x_wconf 74' lang='lat' dir='ltr'>reclinaverint,</span> <span class='ocrx_word' id='word_1_220' title='bbox 1194 2535 1458 2660; x_wconf 79' lang='lat' dir='ltr'>infirmas</span> <span class='ocrx_word' id='word_1_221' title='bbox 1485 2536 1720 2595; x_wconf 79' lang='lat' dir='ltr'>arbores</span> <span class='ocrx_word' id='word_1_222' title='bbox 1745 2536 1994 2613; x_wconf 88' lang='lat' dir='ltr'>pondere</span> <span class='ocrx_word' id='word_1_223' title='bbox 2021 2536 2305 2625; x_wconf 76' lang='lat' dir='ltr'>affligunt,</span> <span class='ocrx_word' id='word_1_224' title='bbox 2329 2546 2504 2614; x_wconf 83' lang='lat' dir='ltr'>atque</span> 
     </span>
     <span class='ocr_line' id='line_1_27' title="bbox 514 2624 1177 2699; baseline 0.005 -20"><span class='ocrx_word' id='word_1_225' title='bbox 514 2642 633 2687; x_wconf 81' lang='lat' dir='ltr'>una</span> <span class='ocrx_word' id='word_1_226' title='bbox 659 2624 817 2699; x_wconf 82' lang='lat' dir='ltr'>ipsae</span> <span class='ocrx_word' id='word_1_227' title='bbox 844 2624 1177 2683; x_wconf 86' lang='lat' dir='ltr'>concidunt.</span> 
     </span>
     <span class='ocr_line' id='line_1_28' title="bbox 508 2712 2499 2792; baseline 0.002 -23"><span class='ocrx_word' id='word_1_228' title='bbox 508 2754 515 2763; x_wconf 86' lang='lat'><strong>.</strong></span> <span class='ocrx_word' id='word_1_229' title='bbox 594 2712 873 2770; x_wconf 87' lang='lat' dir='ltr'>XXVIII.</span> <span class='ocrx_word' id='word_1_230' title='bbox 917 2712 1187 2771; x_wconf 88' lang='lat' dir='ltr'>Tertium</span> <span class='ocrx_word' id='word_1_231' title='bbox 1228 2724 1318 2771; x_wconf 85' lang='lat' dir='ltr'>est</span> <span class='ocrx_word' id='word_1_232' title='bbox 1359 2732 1546 2791; x_wconf 85' lang='lat' dir='ltr'>genus</span> <span class='ocrx_word' id='word_1_233' title='bbox 1585 2733 1804 2783; x_wconf 86' lang='lat' dir='ltr'>eorum,</span> <span class='ocrx_word' id='word_1_234' title='bbox 1833 2715 1936 2790; x_wconf 89' lang='lat' dir='ltr'>qui</span> <span class='ocrx_word' id='word_1_235' title='bbox 1974 2714 2082 2773; x_wconf 90' lang='lat' dir='ltr'>Uri</span> <span class='ocrx_word' id='word_1_236' title='bbox 2111 2716 2499 2792; x_wconf 79' lang='lat' dir='ltr'>appellantur.</span> 
     </span>
     <span class='ocr_line' id='line_1_29' title="bbox 512 2800 2503 2881; baseline 0.003 -22"><span class='ocrx_word' id='word_1_237' title='bbox 512 2800 595 2859; x_wconf 89' lang='lat' dir='ltr'>Hi</span> <span class='ocrx_word' id='word_1_238' title='bbox 614 2812 749 2859; x_wconf 82' lang='lat' dir='ltr'>sunt</span> <span class='ocrx_word' id='word_1_239' title='bbox 770 2804 1165 2879; x_wconf 80' lang='lat' dir='ltr'>magnitudine</span> <span class='ocrx_word' id='word_1_240' title='bbox 1188 2804 1362 2880; x_wconf 78' lang='lat' dir='ltr'>paulo</span> <span class='ocrx_word' id='word_1_241' title='bbox 1385 2804 1538 2863; x_wconf 84' lang='lat' dir='ltr'>infra</span> <span class='ocrx_word' id='word_1_242' title='bbox 1553 2804 1888 2881; x_wconf 82' lang='lat' dir='ltr'>elephantos</span> <span class='ocrx_word' id='word_1_243' title='bbox 1913 2824 1928 2876; x_wconf 85' lang='lat'>3</span> <span class='ocrx_word' id='word_1_244' title='bbox 1962 2806 2174 2880; x_wconf 86' lang='lat' dir='ltr'>specie,</span> <span class='ocrx_word' id='word_1_245' title='bbox 2205 2815 2262 2865; x_wconf 89' lang='lat' dir='ltr'>et</span> <span class='ocrx_word' id='word_1_246' title='bbox 2289 2807 2503 2877; x_wconf 81' lang='lat' dir='ltr'>colore,</span> 
     </span>
     <span class='ocr_line' id='line_1_30' title="bbox 512 2893 2500 2973; baseline 0.003 -24"><span class='ocrx_word' id='word_1_247' title='bbox 512 2902 570 2949; x_wconf 90' lang='lat' dir='ltr'>et</span> <span class='ocrx_word' id='word_1_248' title='bbox 610 2893 801 2969; x_wconf 86' lang='lat' dir='ltr'>figura</span> <span class='ocrx_word' id='word_1_249' title='bbox 840 2895 1014 2950; x_wconf 77' lang='lat' dir='ltr'>tauri.</span> <span class='ocrx_word' id='word_1_250' title='bbox 1100 2894 1317 2970; x_wconf 79' lang='lat' dir='ltr'>Magna</span> <span class='ocrx_word' id='word_1_251' title='bbox 1344 2896 1434 2953; x_wconf 87' lang='lat' dir='ltr'>vis</span> <span class='ocrx_word' id='word_1_252' title='bbox 1473 2905 1560 2954; x_wconf 86' lang='lat' dir='ltr'>est</span> <span class='ocrx_word' id='word_1_253' title='bbox 1601 2914 1818 2965; x_wconf 87' lang='lat' dir='ltr'>eorum,</span> <span class='ocrx_word' id='word_1_254' title='bbox 1849 2906 1907 2953; x_wconf 91' lang='lat' dir='ltr'>et</span> <span class='ocrx_word' id='word_1_255' title='bbox 1943 2914 2158 2973; x_wconf 87' lang='lat' dir='ltr'>magna</span> <span class='ocrx_word' id='word_1_256' title='bbox 2187 2896 2500 2955; x_wconf 83' lang='lat' dir='ltr'>velocitas:</span> 
     </span>
     <span class='ocr_line' id='line_1_31' title="bbox 406 2982 2504 3061; baseline 0.001 -20"><span class='ocrx_word' id='word_1_257' title='bbox 406 2984 489 3041; x_wconf 69' lang='lat'>30</span> <span class='ocrx_word' id='word_1_258' title='bbox 512 2992 704 3057; x_wconf 84' lang='lat' dir='ltr'>neque</span> <span class='ocrx_word' id='word_1_259' title='bbox 730 2982 963 3051; x_wconf 86' lang='lat' dir='ltr'>homini,</span> <span class='ocrx_word' id='word_1_260' title='bbox 993 3000 1183 3057; x_wconf 89' lang='lat' dir='ltr'>neque</span> <span class='ocrx_word' id='word_1_261' title='bbox 1214 2982 1388 3054; x_wconf 81' lang='lat' dir='ltr'>ferae,</span> <span class='ocrx_word' id='word_1_262' title='bbox 1417 3002 1594 3060; x_wconf 81' lang='lat' dir='ltr'>quam</span> <span class='ocrx_word' id='word_1_263' title='bbox 1621 2985 2040 3061; x_wconf 83' lang='lat' dir='ltr'>conspexerint,</span> <span class='ocrx_word' id='word_1_264' title='bbox 2065 2995 2334 3059; x_wconf 78' lang='lat' dir='ltr'>parcunt.</span> <span class='ocrx_word' id='word_1_265' title='bbox 2379 2986 2504 3043; x_wconf 80' lang='lat' dir='ltr'>Hos</span> 
     </span>
     <span class='ocr_line' id='line_1_32' title="bbox 512 3068 2502 3149; baseline 0.003 -22"><span class='ocrx_word' id='word_1_266' title='bbox 512 3070 763 3128; x_wconf 85' lang='lat' dir='ltr'>studiose</span> <span class='ocrx_word' id='word_1_267' title='bbox 813 3068 999 3128; x_wconf 80' lang='lat' dir='ltr'>foveis</span> <span class='ocrx_word' id='word_1_268' title='bbox 1040 3082 1237 3149; x_wconf 86' lang='lat' dir='ltr'>captos</span> <span class='ocrx_word' id='word_1_269' title='bbox 1292 3074 1666 3131; x_wconf 83' lang='lat' dir='ltr'>interficiunt.</span> <span class='ocrx_word' id='word_1_270' title='bbox 1752 3074 1882 3131; x_wconf 90' lang='lat' dir='ltr'>Hoc</span> <span class='ocrx_word' id='word_1_271' title='bbox 1929 3092 1992 3131; x_wconf 83' lang='lat' dir='ltr'>se</span> <span class='ocrx_word' id='word_1_272' title='bbox 2040 3073 2238 3131; x_wconf 87' lang='lat' dir='ltr'>labore</span> <span class='ocrx_word' id='word_1_273' title='bbox 2293 3074 2502 3133; x_wconf 80' lang='lat' dir='ltr'>durant</span> 
     </span>
     <span class='ocr_line' id='line_1_33' title="bbox 516 3160 2495 3238; baseline 0.002 -21"><span class='ocrx_word' id='word_1_274' title='bbox 516 3160 775 3217; x_wconf 82' lang='lat' dir='ltr'>homines</span> <span class='ocrx_word' id='word_1_275' title='bbox 804 3160 1211 3231; x_wconf 69' lang='lat' dir='ltr'>adolescentes,</span> <span class='ocrx_word' id='word_1_276' title='bbox 1244 3171 1416 3237; x_wconf 83' lang='lat' dir='ltr'>atque</span> <span class='ocrx_word' id='word_1_277' title='bbox 1445 3163 1552 3220; x_wconf 86' lang='lat' dir='ltr'>hoc</span> <span class='ocrx_word' id='word_1_278' title='bbox 1581 3180 1794 3238; x_wconf 85' lang='lat' dir='ltr'>genere</span> <span class='ocrx_word' id='word_1_279' title='bbox 1825 3162 2144 3220; x_wconf 83' lang='lat' dir='ltr'>venationis</span> <span class='ocrx_word' id='word_1_280' title='bbox 2183 3174 2453 3221; x_wconf 81' lang='lat' dir='ltr'>exercent</span> <span class='ocrx_word' id='word_1_281' title='bbox 2476 3185 2495 3237; x_wconf 83' lang='lat'><em>3</em></span> 
     </span>
     <span class='ocr_line' id='line_1_34' title="bbox 514 3248 2496 3327; baseline 0.002 -22"><span class='ocrx_word' id='word_1_282' title='bbox 514 3257 591 3317; x_wconf 86' lang='lat' dir='ltr'>et,</span> <span class='ocrx_word' id='word_1_283' title='bbox 620 3248 721 3323; x_wconf 88' lang='lat' dir='ltr'>qui</span> <span class='ocrx_word' id='word_1_284' title='bbox 749 3248 1027 3324; x_wconf 88' lang='lat' dir='ltr'>plurimos</span> <span class='ocrx_word' id='word_1_285' title='bbox 1054 3268 1126 3307; x_wconf 87' lang='lat' dir='ltr'>ex</span> <span class='ocrx_word' id='word_1_286' title='bbox 1154 3252 1245 3307; x_wconf 88' lang='lat' dir='ltr'>his</span> <span class='ocrx_word' id='word_1_287' title='bbox 1272 3250 1704 3321; x_wconf 88' lang='lat' dir='ltr'>interfecerunt,</span> <span class='ocrx_word' id='word_1_288' title='bbox 1729 3251 1927 3309; x_wconf 82' lang='lat' dir='ltr'>relatis</span> <span class='ocrx_word' id='word_1_289' title='bbox 1954 3252 2015 3307; x_wconf 88' lang='lat' dir='ltr'>in</span> <span class='ocrx_word' id='word_1_290' title='bbox 2044 3252 2349 3327; x_wconf 86' lang='lat' dir='ltr'>publicum</span> <span class='ocrx_word' id='word_1_291' title='bbox 2376 3271 2496 3311; x_wconf 86' lang='lat' dir='ltr'>cor-</span> 
     </span>
     <span class='ocr_line' id='line_1_35' title="bbox 516 3336 2499 3417; baseline 0.004 -25"><span class='ocrx_word' id='word_1_292' title='bbox 516 3336 705 3406; x_wconf 78' lang='lat' dir='ltr'>nibuS,</span> <span class='ocrx_word' id='word_1_293' title='bbox 746 3356 901 3412; x_wconf 87' lang='lat' dir='ltr'>quae</span> <span class='ocrx_word' id='word_1_294' title='bbox 944 3339 1059 3397; x_wconf 86' lang='lat' dir='ltr'>sint</span> <span class='ocrx_word' id='word_1_295' title='bbox 1100 3341 1440 3409; x_wconf 85' lang='lat' dir='ltr'>testimonie,</span> <span class='ocrx_word' id='word_1_296' title='bbox 1491 3358 1766 3417; x_wconf 79' lang='lat' dir='ltr'>magnam</span> <span class='ocrx_word' id='word_1_297' title='bbox 1811 3338 2005 3398; x_wconf 85' lang='lat' dir='ltr'>ferunt</span> <span class='ocrx_word' id='word_1_298' title='bbox 2050 3339 2305 3400; x_wconf 80' lang='lat' dir='ltr'>laudem.</span> <span class='ocrx_word' id='word_1_299' title='bbox 2389 3340 2499 3409; x_wconf 79' lang='lat' dir='ltr'>Sed</span> 
     </span>
     <span class='ocr_line' id='line_1_36' title="bbox 410 3426 2498 3505; baseline 0.001 -18"><span class='ocrx_word' id='word_1_300' title='bbox 410 3430 489 3487; x_wconf 76' lang='lat'>35</span> <span class='ocrx_word' id='word_1_301' title='bbox 518 3444 853 3483; x_wconf 80' lang='lat' dir='ltr'>assuescere</span> <span class='ocrx_word' id='word_1_302' title='bbox 902 3426 975 3485; x_wconf 89' lang='lat' dir='ltr'>ad</span> <span class='ocrx_word' id='word_1_303' title='bbox 1022 3428 1281 3485; x_wconf 86' lang='lat' dir='ltr'>homines</span> <span class='ocrx_word' id='word_1_304' title='bbox 1329 3438 1386 3487; x_wconf 89' lang='lat' dir='ltr'>et</span> <span class='ocrx_word' id='word_1_305' title='bbox 1435 3429 1826 3499; x_wconf 84' lang='lat' dir='ltr'>mansuefieri,</span> <span class='ocrx_word' id='word_1_306' title='bbox 1869 3448 1942 3486; x_wconf 88' lang='lat' dir='ltr'>ne</span> <span class='ocrx_word' id='word_1_307' title='bbox 1992 3430 2222 3505; x_wconf 79' lang='lat' dir='ltr'>purvuli</span> <span class='ocrx_word' id='word_1_308' title='bbox 2269 3431 2498 3505; x_wconf 86' lang='lat' dir='ltr'>quidem</span> 
     </span>
     <span class='ocr_line' id='line_1_37' title="bbox 512 3514 2495 3594; baseline 0.002 -21"><span class='ocrx_word' id='word_1_309' title='bbox 512 3514 759 3588; x_wconf 84' lang='lat' dir='ltr'>excepti,</span> <span class='ocrx_word' id='word_1_310' title='bbox 790 3525 1043 3588; x_wconf 86' lang='lat' dir='ltr'>possunt.</span> <span class='ocrx_word' id='word_1_311' title='bbox 1130 3516 1487 3591; x_wconf 85' lang='lat' dir='ltr'>Amplitudo</span> <span class='ocrx_word' id='word_1_312' title='bbox 1497 3534 1804 3586; x_wconf 86' lang='lat' dir='ltr'>cornuum,</span> <span class='ocrx_word' id='word_1_313' title='bbox 1836 3526 1894 3575; x_wconf 86' lang='lat' dir='ltr'>et</span> <span class='ocrx_word' id='word_1_314' title='bbox 1933 3518 2144 3594; x_wconf 83' lang='lat' dir='ltr'>figura,</span> <span class='ocrx_word' id='word_1_315' title='bbox 2173 3529 2230 3575; x_wconf 92' lang='lat' dir='ltr'>et</span> <span class='ocrx_word' id='word_1_316' title='bbox 2259 3519 2495 3594; x_wconf 74' lang='lat' dir='ltr'>specieS,</span> 
     </span>
     <span class='ocr_line' id='line_1_38' title="bbox 512 3600 2494 3665; baseline 0.005 -9.018"><span class='ocrx_word' id='word_1_317' title='bbox 512 3600 767 3656; x_wconf 79' lang='lat' dir='ltr'>multum</span> <span class='ocrx_word' id='word_1_318' title='bbox 809 3619 845 3655; x_wconf 76' lang='lat' dir='ltr'>a</span> <span class='ocrx_word' id='word_1_319' title='bbox 885 3612 1207 3659; x_wconf 83' lang='lat' dir='ltr'>nostrorum</span> <span class='ocrx_word' id='word_1_320' title='bbox 1250 3605 1422 3659; x_wconf 87' lang='lat' dir='ltr'>boum</span> <span class='ocrx_word' id='word_1_321' title='bbox 1451 3605 1722 3661; x_wconf 85' lang='lat' dir='ltr'>cornibus</span> <span class='ocrx_word' id='word_1_322' title='bbox 1747 3604 1956 3664; x_wconf 84' lang='lat' dir='ltr'>differt.</span> <span class='ocrx_word' id='word_1_323' title='bbox 2041 3606 2211 3665; x_wconf 87' lang='lat' dir='ltr'>Haec</span> <span class='ocrx_word' id='word_1_324' title='bbox 2251 3606 2494 3665; x_wconf 77' lang='lat' dir='ltr'>studiose</span> 
     </span>
    </p>
   </div>
   <div class='ocr_carea' id='block_1_3' title="bbox 518 3688 2493 3846">
    <p class='ocr_par' dir='ltr' id='par_1_3' title="bbox 518 3688 2493 3846">
     <span class='ocr_line' id='line_1_39' title="bbox 518 3688 2493 3798; baseline 0.01 -60"><span class='ocrx_word' id='word_1_325' title='bbox 518 3688 841 3757; x_wconf 86' lang='lat' dir='ltr'>conquisita</span> <span class='ocrx_word' id='word_1_326' title='bbox 868 3690 941 3743; x_wconf 85' lang='lat' dir='ltr'>ab</span> <span class='ocrx_word' id='word_1_327' title='bbox 966 3690 1145 3746; x_wconf 77' lang='lat' dir='ltr'>labris</span> <span class='ocrx_word' id='word_1_328' title='bbox 1174 3703 1410 3767; x_wconf 75' lang='lat' dir='ltr'>argento</span> <span class='ocrx_word' id='word_1_329' title='bbox 1431 3696 1920 3769; x_wconf 85' lang='lat' dir='ltr'>circumcludunt,</span> <span class='ocrx_word' id='word_1_330' title='bbox 1943 3706 2118 3798; x_wconf 75' lang='lat' dir='ltr'>utque</span> <span class='ocrx_word' id='word_1_331' title='bbox 2139 3698 2200 3755; x_wconf 85' lang='lat' dir='ltr'>in</span> <span class='ocrx_word' id='word_1_332' title='bbox 2223 3699 2493 3777; x_wconf 79' lang='lat' dir='ltr'>amplissi-</span> 
     </span>
     <span class='ocr_line' id='line_1_40' title="bbox 520 3769 1516 3846; baseline 0.015 -26"><span class='ocrx_word' id='word_1_333' title='bbox 520 3769 631 3821; x_wconf 78' lang='lat' dir='ltr'>mis</span> <span class='ocrx_word' id='word_1_334' title='bbox 656 3771 844 3839; x_wconf 84' lang='lat' dir='ltr'>epulis</span> <span class='ocrx_word' id='word_1_335' title='bbox 872 3790 973 3845; x_wconf 89' lang='lat' dir='ltr'>pro</span> <span class='ocrx_word' id='word_1_336' title='bbox 1002 3776 1223 3846; x_wconf 87' lang='lat' dir='ltr'>poculis</span> <span class='ocrx_word' id='word_1_337' title='bbox 1254 3788 1516 3837; x_wconf 86' lang='lat' dir='ltr'>utuntur.</span> 
     </span>
    </p>
   </div>
   <div class='ocr_carea' id='block_1_4' title="bbox 68 4012 2644 4291">
    <p class='ocr_par' dir='ltr' id='par_1_4' title="bbox 68 4012 2644 4291">
     <span class='ocr_line' id='line_1_41' title="bbox 1935 4128 1942 4135; baseline 0 0"><span class='ocrx_word' id='word_1_338' title='bbox 1935 4128 1942 4135; x_wconf 90' lang='lat'><em>.</em></span> 
     </span>
     <span class='ocr_line' id='line_1_42' title="bbox 68 4012 1594 4291; baseline -0.01 0"><span class='ocrx_word' id='word_1_339' title='bbox 68 4012 1251 4291; x_wconf 46' lang='grc' dir='ltr'>μθ)-</span> <span class='ocrx_word' id='word_1_340' title='bbox 1280 4250 1594 4267; x_wconf 39' lang='grc' dir='ltr'>-ψ-</span> 
     </span>
     <span class='ocr_line' id='line_1_43' title="bbox 652 4264 2644 4291; baseline 0 0"><span class='ocrx_word' id='word_1_341' title='bbox 652 4276 767 4291; x_wconf 62' lang='lat' dir='ltr'>-a-n-</span> <span class='ocrx_word' id='word_1_342' title='bbox 1609 4264 1924 4279; x_wconf 44' lang='lat' dir='ltr'>b*—</span> <span class='ocrx_word' id='word_1_343' title='bbox 1947 4278 1986 4281; x_wconf 57' lang='lat'>—‘*</span> <span class='ocrx_word' id='word_1_344' title='bbox 2032 4268 2644 4291; x_wconf 44' lang='lat' dir='ltr'>—ffi&#39;q—*q-——d</span> 
     </span>
    </p>
   </div>
  </div>
 </body>
</html>
