2709 4300
976 579 1060 653 G.
1120 577 1397 651 JULII
1459 574 1942 650 CAESARIS

676 809 2226 908 COMMENTARIORUM

870 1067 1011 1134 DE
1086 1066 1456 1132 BELLO
1527 1065 2038 1130 GALLICO

1211 1267 1500 1326 LIBER
1542 1269 1711 1326 VII.

1158 1645 1758 1692 Azeunssnrtrlt.

536 1761 655 1810 Cu.
680 1759 721 1810 Ι.
756 1759 944 1809 Multae
969 1759 1219 1808 Gallorum
1256 1765 1426 1823 gentes
1458 1758 1519 1805 de
1552 1756 1881 1818 recuperanda
1915 1757 2132 1806 libertate
2163 1754 2470 1818 conspirant:

472 1835 560 1884 IV.
592 1837 859 1896 ducemque
892 1836 1077 1898 eligunt
1098 1833 1542 1898 Vercingetorigem
1577 1831 1820 1880 Aeduum.
1889 1831 2038 1880 VIII.
2071 1831 2260 1880 Caesar
2281 1833 2345 1879 de
2379 1832 2469 1878 im-

469 1912 653 1972 provi-o
676 1911 919 1958 Arverno-
950 1910 1147 1957 invadit.
1212 1909 1275 1956 X.
1310 1908 1438 1956 Boiis
1458 1908 1662 1956 subsidio
1681 1908 1830 1956 adest.
1895 1906 1986 1954 XI.
2019 1907 2468 1964 Vellaunodunum,

470 1984 749 2042 Genabum,
770 1983 886 2032 XII.
920 1991 971 2032 et
992 1983 1043 2032 N
1044 1983 1335 2033 oviodunum
1359 1983 1532 2046 oppida
1553 1989 1776 2044 occupat.
1841 1981 1948 2030 XV.
1981 1982 2112 2030 Galli
2133 1981 2288 2032 firmis
2309 1984 2468 2030 mium

471 2058 749 2122 Biturigum
780 2060 959 2120 oppidis
998 2061 1221 2116 incensis,
1246 2061 1476 2115 Avarico,
1511 2057 1636 2120 quod
1669 2058 1916 2109 obsidebat
1949 2057 2153 2115 Caesar,
2175 2059 2466 2120 praesidium

470 2132 701 2197 injiciunt.
767 2133 876 2183 XX.
912 2131 1107 2183 Interea
1128 2133 1504 2199 Vercingetorix,
1537 2134 1809 2197 proditionis
1842 2133 1970 2196 apud
2002 2150 2114 2182 suos
2145 2133 2464 2191 insimulatus,

468 2226 522 2259 se
556 2216 745 2275 purgat.
810 2210 977 2262 XXII.
1010 2200 1295 2269 Avaricum,
1319 2212 1612 2273 aliquamdiu
1651 2212 1795 2273 probe
1835 2212 2105 2267 defensum,
2145 2209 2386 2259 XXVIII.
2419 2212 2464 2260 vi

471 2293 791 2349 expugnatur.
878 2286 1094 2336 XXXII.
1150 2288 1434 2337 Aeduorum
1479 2288 1649 2336 turbae
1696 2286 1960 2335 Caesarem
2005 2303 2036 2333 a
2075 2288 2197 2335 bello
2243 2293 2462 2335 avocant.

470 2360 699 2411 XXXIV.
766 2364 833 2411 Iis
886 2365 1171 2427 compositis,
1222 2365 1285 2413 ad
1338 2364 1634 2427 Gergoviam
1695 2374 1818 2411 cum
1875 2364 2088 2411 exercitu
2143 2362 2461 2425 proficiscitur.
2660 2354 2661 2425 1

470 2437 731 2487 XXXVII.
766 2440 901 2489 Dum
924 2441 988 2489 ad
1009 2456 1121 2489 eam
1158 2442 1345 2489 bellum
1375 2441 1514 2503 gerit,
1539 2440 1712 2487 iterum
1747 2440 1796 2487 in
1821 2438 2004 2487 Aeduis
2037 2440 2221 2487 turbae.
2285 2438 2458 2487 XLVI.

362 2566 371 2576 ,
472 2513 683 2563 Romani
715 2517 847 2563 trinis
882 2516 945 2563 ad
970 2516 1261 2579 Gergoviam
1297 2517 1509 2565 hostium
1541 2516 1710 2565 castris
1743 2516 2008 2577 occupatis,
2041 2514 2250 2565 XLVII.
2283 2515 2459 2564 avidius

471 2590 697 2651 oppidum
730 2591 1029 2648 invadentes,
1066 2591 1152 2640 LI.
1186 2606 1372 2655 magna
1403 2606 1520 2641 cum
1551 2592 1692 2639 clade
1725 2592 2033 2653 repelluntur.
2100 2590 2246 2639 LIII.
2281 2590 2456 2654 Despe-

470 2671 578 2713 rata
600 2667 973 2729 expugnatione,
997 2668 1046 2715 in
1071 2668 1265 2715 Aeduos
1288 2673 1448 2715 castra
1471 2672 1632 2715 movet
1647 2666 1844 2715 Caesar.
1912 2666 2102 2714 LVIII.
2138 2666 2393 2723 Labienus,
2408 2682 2455 2716 re

470 2754 687 2803 prospere
727 2742 857 2803 apud
893 2741 1093 2789 Parisios
1132 2748 1286 2807 gesta,
1327 2740 1490 2790 LXII.
1523 2758 1574 2792 se
1609 2742 1622 2789 i
1679 2742 1988 2806 'conjungit-
2056 2741 2247 2790 LXIII.
2282 2741 2454 2790 Omnes

472 2816 620 2873 Galli,
648 2816 919 2879 (perpaucis
942 2819 1173 2880 exceptis)
1202 2820 1424 2881 exemplo
1445 2818 1676 2867 Aeduoru
1764 2818 2009 2867 deficiant.
2076 2817 2254 2866 LXVI.
2289 2818 2348 2866 In
2369 2820 2451 2867 Se-

470 2906 659 2953 quanos
680 2893 771 2941 iter
788 2894 1051 2941 facientem
1074 2894 1357 2955 Caesarem,
1371 2894 1500 2943 duce
1513 2878 1922 2961 Vercingetorige,
1944 2894 2155 2957 aggressi
2179 2894 2450 2953 caeduntur,

471 2966 713 3015 LXVIII.
747 2966 841 3015 Ille
862 2968 927 3015 ad
946 2966 1165 3017 Alesiam
1186 2984 1339 3031 usqne
1361 2971 1606 3017 insecutus
1625 2984 1718 3031 opp
2029 2984 2090 3017 ne
2115 2970 2450 3019 circumvallat.

472 3041 668 3091 LXXV.
736 3042 883 3099 Galli,
938 3044 1215 3091 convocatis
1270 3036 1473 3101 auxiliis,
1529 3044 1680 3093 socios
1731 3044 1877 3093 obsi
1881 3060 1974 3092 one
2029 3046 2232 3093 liberare
2287 3046 2449 3103 conati,

472 3117 803 3168 LXXXVIII.
849 3134 1039 3181 prorsus
1082 3118 1410 3183 profligantur.
1489 3118 1764 3169 LXXXIX.
1815 3119 1982 3187 Alesia
2001 3126 2070 3171 ·et
2108 3119 2447 3184 Vercingetorix

472 3192 738 3242 deduntur:
773 3195 891 3243 item
914 3194 1092 3252 Aedui,
1116 3200 1166 3243 et
1187 3196 1346 3257 plures
1370 3196 1464 3243 alii.
2182 3186 2188 3191 ’

540 3328 601 3387 Ι.
646 3330 886 3395 Quum
932 3330 1147 3402 Gallia,
1194 3334 1434 3403 Caesar,
1465 3342 1530 3389 ut
1577 3332 1970 3402 constituerat,
2015 3315 2076 3389 ih
2121 3331 2342 3390 Italiam
2379 3332 2442 3391 ad

474 3430 795 3478 conventus
838 3421 1091 3497 agendos
1130 3421 1537 3497 proficiscitur.
1623 3420 1709 3479 Ibi
1751 3422 2047 3498 cognoscit
2083 3420 2154 3479 de
2185 3421 2249 3480 P.
2280 3420 2444 3480 Clodii

472 3509 655 3568 caede
674 3528 689 3567 z
726 3507 799 3566 de
810 3507 1175 3585 senatusque
1192 3509 1454 3567 consulto
1471 3510 1682 3568 certior
1693 3508 1900 3581 factae,
1919 3520 1982 3567 ut
1999 3528 2198 3569 omnes
2207 3512 2442 3587 juniores

474 3597 677 3659 Italiae
706 3598 1097 3674 conjurarent,
1126 3598 1404 3658 dilectum
1445 3609 1563 3658 tota
1591 3598 1902 3657 Provincia
1941 3600 2156 3659 habere
2193 3602 2438 3661 instituit.

409 3696 450 3749 5
476 3686 603 3747 Eae
658 3706 753 3747 res
807 3690 867 3745 in
924 3688 1183 3745 Galliam
1239 3690 1688 3766 Transalpinam
1743 3690 2014 3750 celeriter
2069 3690 2435 3767 perferuntur.

477 3775 721 3831 Addunt
759 3777 868 3850 ipsi
908 3784 967 3832 et
1007 3774 1290 3853 affingunt
1330 3778 1660 3837 rumoribus
1703 3778 1884 3850 Galli,
1913 3780 2066 3857 quod
2095 3798 2192 3839 res
2229 3798 2438 3858 poscere
