2709 4300
214 307 331 358 cu.
351 311 425 363 43,
440 305 541 360 a]
982 301 1179 353 mann
1210 303 1548 354 sur-rmus
2193 293 2314 356 149

214 445 471 522 spatium
502 444 857 520 relinquunt.
942 443 1195 519 Impellit
1240 443 1384 502 alios
1429 445 1692 515 avaritia,
1721 445 1866 502 alios
1905 445 2210 502 iracundia

213 536 619 604 et-temeritaS,
648 553 801 610 quae
830 535 1085 590 maxime
1114 533 1201 590 illi
1230 535 1526 592 hominum
1554 536 1756 612 generi
1783 545 1870 592 est
1897 535 2112 604 innata,
2145 545 2210 592 ut

213 626 409 684 levem
452 625 805 683 auditionem
846 624 1097 680 habeant
1140 642 1241 699 pro
1282 642 1347 680 re
1389 634 1702 700 comperta.
1785 624 1948 682 Bona
1988 625 2208 682 civium

214 715 617 774 Romanorum
644 714 943 790 diripiunt,
974 712 1187 770 caedes
1226 711 1468 783 faciunt,
1499 715 1562 772 in
1601 715 1940 772 servitutem
1985 714 2206 770 abstra-
2229 763 2249 769 ,

212 807 382 864 hunt.
468 805 734 880 Adjuvat
770 821 894 860 rem
922 804 1301 880 proclinatam
1343 803 1832 874 Convictolitanis,
1863 803 2206 880 plebemque
2231 807 2272 862 ⁵

214 895 289 954 ad
320 893 573 956 furorem
594 892 855 969 impellit,
882 901 963 963 ut,
986 891 1241 951 facinore
1264 893 1532 964 admisso,
1561 894 1632 952 ad
1659 895 1966 952 sanitatem
1994 894 2208 970 pudeat

216 986 453 1044 reverti.
536 983 620 1042 M.
654 984 945 1041 Aristium
988 983 1287 1040 tribunum
1335 984 1606 1054 militum,
1649 985 1760 1043 iter
1801 983 1876 1040 ad
1919 985 2238 1060 legionems

215 1075 547 1144 facientem,
594 1075 732 1132 data
786 1071 899 1130 fide
954 1091 1058 1128 ex.
1082 1073 1287 1148 oppido
1338 1071 1640 1131 Cabillono
1693 1074 1988 1132 educunt:
2053 1073 2208 1131 idem

218 1165 413 1232 facere
468 1174 686 1242 cogunt
732 1183 852 1233 εοε,
898 1165 1001 1240 qui
1056 1165 1385 1241 negotiandi
1441 1183 1624 1224 causa
1677 1165 1758 1222 ibi
1811 1166 2206 1224 constiterant.

214 1255 341 1314 Hos
368 1255 641 1314 continuo
669 1255 729 1311 in
747 1255 955 1312 itinere
974 1252 1173 1322 adorti,
1192 1255 1462 1312 omnibus
1489 1254 1914 1332 impedimentis
1941 1267 2202 1328 exuunt3
2238 1259 2314 1316 10

214 1358 610 1422 repugnantes
630 1345 787 1402 diem
808 1354 1153 1420 noctemque
1172 1343 1432 1402 obsident
1452 1363 1470 1416 3
1497 1344 1697 1401 multis
1719 1345 2010 1420 utrimque
2033 1347 2206 1404 inter-

214 1437 401 1505 fectis»,
426 1435 703 1511 majorem
732 1433 1161 1492 multitudinem
1191 1433 1265 1490 ad
1294 1451 1460 1492 arma
1487 1434 1806 1490 concitant.-

297 1524 517 1584 XLIII.
574 1523 813 1583 Interim
867 1524 1085 1581 nuncio
1142 1523 1335 1591 allato,
1381 1540 1584 1580 omnes
1635 1540 1840 1580 eorum
1887 1523 2100 1583 milites
2147 1524 2210 1582 in

213 1625 493 1696 potestate
548 1613 819 1672 Caesaris
872 1614 1077 1683 teneri,
1136 1621 1498 1670 concurrunt
1545 1611 1616 1670 ad
1669 1612 1994 1670 Aristium:
2063 1613 2208 1670 nibil

213 1706 451 1784 publico
478 1703 701 1762 factum
742 1704 981 1762 consilio
1022 1702 1452 1761 demonstrant:
1495 1702 1892 1778 quaestionem
1935 1701 2006 1760 de
2047 1702 2210 1760 bonis
2239 1711 2314 1770 15

212 1796 455 1870 direptis
494 1793 851 1850 decernunt:
896 1791 1261 1868 fratrumque
1308 1792 1458 1849 bona
1490 1791 1828 1870 publicant:
1873 1791 2096 1869 legatos
2137 1791 2210 1850 ad

212 1887 531 1946 Caesarem
558 1884 650 1942 sui
679 1883 967 1960 purgandi
994 1883 1185 1959 gratia
1226 1883 1484 1940 mittunt.
1569 1881 1738 1940 Haec
1781 1881 2004 1940 faciunt
2045 1899 2208 1940 recu-

212 1975 601 2054 perandorum
630 1989 869 2032 suorum
898 1991 1117 2030 causa:
1159 1971 1263 2030 sed
1284 1973 1662 2030 contaminati
1685 1971 1962 2044 facinore,
1981 1982 2039 2030 et
2055 1973 2212 2050 capti

213 2064 557 2142 compendio
583 2081 657 2120 ex
678 2062 913 2140 direptis
941 2063 1120 2132 bonis,
1140 2062 1291 2138 quod
1322 2081 1394 2121 ea
1417 2081 1512 2120 res
1539 2062 1612 2120 ad
1636 2063 1846 2122 multos
1867 2059 2208 2140 pertinebat,

213 2167 283 2217 et·
298 2158 507 2214 timore
550 2172 766 2231 poenae
804 2154 1081 2222 exterriti,
1112 2153 1353 2211 consilia
1384 2154 1538 2211 clam
1580 2154 1652 2212 ds
1700 2154 1852 2212 bello
1891 2154 2038 2212 inire
2067 2154 2210 2211 inci·
2234 2162 2320 2217 20

214 2248 402 2325 piunt,
450 2245 831 2319 civitatesque
880 2244 1139 2319 reliquas
1186 2243 1574 2321 legationibus
1621 2244 1952 2303 sollicitant,
2037 2243 2210 2309 Quae

212 2336 447 2395 tametsi
488 2334 707 2391 Caesar
754 2332 1129 2409 intelligebat,
1178 2342 1392 2404 tamen,
1437 2352 1616 2409 quam
1667 2333 1966 2390 mitissime
2009 2342 2210 2407 potest,

215 2427 439 2503 legatos
468 2424 758 2500 appellat:
800 2422 967 2484 Nihil
1014 2440 1077 2479 se
1122 2432 1351 2499 propter
1391 2423 1760 2479 inscientiam
1799 2421 2214 2496 levitatemque

216 2516 383 2593 vulgi
410 2514 649 2591 gravius
676 2512 749 2569 de
787 2512 1023 2569 civitate
1058 2511 1342 2587 judicare,
1381 2530 1574 2588 neque
1619 2511 1692 2568 de
1733 2528 1842 2567 sua
1883 2510 1943 2567 in
1973 2510 2216 2569 Aeduos

214 2603 621 2663 benevolentia
647 2602 1005 2659 deminuere.
1088 2600 1235 2678 Ipse,
1266 2602 1546 2677 majorem
1589 2600 1820 2659 Galliae
1862 2608 2084 2657 motum
2111 2618 2206 2657 ex·
2237 2608 2319 2663 25

214 2702 504 2771 spectum,
535 2710 609 2749 ne
640 2692 1004 2749 abomnibus
1032 2691 1364 2748 civitatibus
1379 2690 1940 2759 ,circumsisteretur,
1971 2690 2216 2747 consilia

214 2786 419 2854 inibat,
450 2782 936 2860 quemadmodum
964 2783 1039 2839 ab
1070 2781 1364 2859 Gergovia
1391 2780 1731 2849 discederet,
1763 2799 1833 2837 ac
1865 2797 2068 2837 rursus
2095 2798 2214 2837 om·

216 2894 357 2935 nem
404 2875 729 2932 exercitum
780 2874 1187 2945 contraheret3
1243 2890 1319 2929 ne
1369 2870 1664 2948 profectiO,
1711 2879 1848 2928 nata
1893 2868 1966 2927 ab
2013 2870 2218 2927 timore

218 2964 577 3034 defectionis,
608 2963 815 3021 similis
843 2962 1021 3039 fugae
1052 2960 1371 3021 videretur.
1513 3016 1518 3020 .

302 3052 523 3113 XLIV.
568 3052 739 3111 Haec
762 3052 1069 3129 .cogitanti
1124 3052 1390 3113 accidere
1445 3052 1572 3109 visa
1627 3061 1714 3111 est
1769 3050 2018 3111 facultas
2071 3050 2218 3107 bene
2245 3054 2324 3110 30

218 3143 517 3223 gerendae
560 3144 667 3201 rei.
752 3141 914 3200 Nam
952 3160 1137 3219 quum
1164 3142 1389 3201 minora
1415 3143 1477 3199 in
1506 3150 1702 3199 castra
1727 3142 1918 3217 operis
1946 3139 2218 3216 perspici·

218 3234 358 3294 endi
408 3252 591 3291 causa
636 3233 907 3301 venisset,
958 3231 1368 3289 animadvertit
1419 3230 1644 3300 collem,
1691 3231 1792 3307 qui
1841 3230 1916 3287 ab
1963 3228 2222 3286 hostibus

219 3324 547 3392 tenebatur,
588 3322 873 3379 nudatum
912 3322 1257 3391 hominibus,
1300 3322 1402 3397 qui
1445 3319 1839 3396 superioribus
1879 3317 2084 3375 diebus
2123 3318 2222 3373 vix

222 3431 368 3490 prae
414 3412 781 3471 multitudine
826 3412 989 3477 cerni
1032 3420 1273 3487 poterat.
1359 3409 1704 3467 Admiratus
1731 3408 1960 3484 quaerit
1991 3426 2066 3464 ex
2095 3422 2220 3483 per-

220 3501 385 3579 fugis
432 3518 689 3570 causam,
740 3520 987 3577 quorum
1034 3518 1285 3577 magnus
1334 3499 1408 3557 ad
1455 3518 1591 3556 eum
1639 3496 1892 3573 quotidie
1943 3514 2224 3553 numerus
2251 3502 2328 3559 35

222 3591 577 3649 confluebat.
648 3590 961 3648 Constabat
986 3577 1139 3647 inter
1164 3608 1384 3657 omnes,
1407 3586 1561 3665 quod
1581 3586 1708 3663 jam
1735 3588 1858 3662 ipse
1879 3584 2101 3644 Caesar
2122 3599 2226 3661 per

222 3681 619 3757 exploratores
638 3687 1003 3757 cognoverat,
1026 3679 1261 3737 dorsum
1288 3696 1418 3735 esse
1439 3676 1568 3753 ejus
1589 3675 1720 3753 jugi
1749 3692 1922 3752 prope
1951 3692 2222 3749 aequum,

222 3770 329 3836 sed
368 3772 483 3829 hac
522 3770 789 3828 silvestre
834 3780 891 3827 et
926 3780 1259 3846 angustum,
1286 3786 1406 3845 qua
1437 3776 1592 3825 esset
1631 3766 1822 3823 aditus
1864 3764 1938 3823 ad
1981 3764 2228 3823 alteram

220 3859 421 3939 oppidi
464 3869 731 3937 partem:
774 3859 913 3917 huic
955 3858 1092 3917 loco
1120 3858 1494 3918 vehementer
1533 3856 1664 3915 illos
1705 3856 1930 3927 timere,
1957 3870 2068 3913 nec
2101 3853 2226 3931 jam

1168 3946 1277 4005 13·
