2709 4300
229 299 343 347 cn.
362 299 487 353 os]
1000 301 1195 348 mssa
1228 303 1561 350 sammua
2221 297 2340 357 138

226 437 301 495 de
342 454 551 507 causa,
592 454 771 512 quam
821 437 1029 524 legatis
1072 441 1548 515 pronunciatum,
1594 460 1666 498 an
1713 438 1957 518 perfidia
2001 443 2234 502 adducti

226 527 499 597 fecerint,
530 528 680 602 quod
708 527 853 586 nihil
898 519 1061 586 nobis
1105 540 1345 600 constat,
1377 549 1488 588 non
1519 533 1750 588 videtur
1775 551 1878 608 pro
1919 543 2078 598 certo
2105 553 2233 592 esse

224 617 585 694 ponendum.
671 617 979 694 Bituriges,
1000 637 1203 676 eorum
1230 620 1509 689 discessu,
1539 622 1730 678 statim
1761 641 1824 678 se
1853 641 1992 680 cum
2013 623 2229 681 Arver-

222 709 319 764 nis
348 707 737 784 conjungunt.

308 795 418 852 VI.
466 795 579 854 His
628 796 803 853 rebus
851 798 911 853 in
962 796 1189 876 Italiam
1234 799 1474 856 Caesari
1523 802 1832 870 nunciatis,
1877 816 2060 877 quum
2105 804 2228 878 jam
2255 803 2292 856 5

224 887 331 944 ille
358 886 617 944 urbanas
646 905 738 944 res
767 887 975 944 virtute
1004 887 1115 944 Cn.
1149 889 1405 963 Pompeii
1449 891 1894 948 commodiorem
1924 893 1984 948 in
2011 901 2228 950 statum

224 977 563 1052 pervenisse
614 975 982 1052 intelligeret,
1028 979 1089 1034 in
1132 977 1580 1055 Transalpinam
1627 981 1886 1038 Galliam
1937 981 2228 1056 profectus

226 1076 334 1123 est.
422 1065 513 1124 Eo
541 1085 723 1142 quum
752 1067 1021 1136 venisset,
1054 1085 1267 1144 magna
1308 1069 1650 1127 difficultate
1695 1070 2078 1141 afficiebatur,
2109 1091 2228 1147 qua

224 1155 451 1212 ratione
498 1155 569 1211 ad
598 1157 921 1212 exercitum
966 1158 1269 1232 pervenire
1312 1169 1542 1233 posset:
1585 1176 1722 1216 nam
1767 1161 1816 1216 si
1863 1161 2122 1236 legiones
2165 1161 2226 1218 in

222 1245 595 1301 Provinciam
627 1255 966 1314 arcesseret,
998 1265 1060 1303 se
1104 1247 1337 1304 absente
1379 1248 1439 1303 in
1482 1249 1688 1305 itinere
1729 1249 1948 1324 proelio
1987 1249 2222 1306 dimica·
2253 1247 2330 1306 10

222 1344 391 1391 turas
436 1333 833 1410 intelligebat3
879 1335 929 1392 si
973 1337 1095 1412 ipse
1138 1336 1207 1395 ad
1252 1338 1576 1394 exercitum
1620 1338 2008 1407 contenderet,
2037 1357 2110 1396 ne
2153 1340 2226 1396 iis

220 1423 481 1498 quidem,
502 1424 602 1498 qui
632 1443 699 1480 eo
721 1433 977 1499 tempore
1006 1426 1195 1501 pacati
1218 1425 1572 1494 viderentur,
1592 1445 1760 1482 suam
1789 1427 2036 1484 salutem
2067 1437 2224 1485 recte

222 1514 506 1570 committi
536 1513 786 1570 videbat.

302 1603 441 1661 VII.
488 1603 726 1660 Interim
756 1603 1071 1662 Lucterius
1099 1605 1424 1673 CadurcuS,
1455 1606 1514 1660 in
1545 1604 1804 1662 Rutenos
1834 1606 2062 1675 missuS,
2091 1625 2224 1663 eam

222 1695 519 1750 civitatem
566 1694 854 1751 Arvernis
898 1695 1189 1752 conciliat.
1274 1695 1624 1772 Progressus
1655 1696 1723 1760 ,in
1767 1695 2126 1772 Nitiobriges
2167 1699 2326 1754 0115

222 1783 498 1852 Gabalos,
528 1783 601 1839 ab
630 1784 891 1858 utrisque
916 1784 1141 1841 obsides
1172 1785 1404 1860 accipit,
1426 1793 1490 1842 et
1520 1799 1734 1862 magna
1776 1795 1980 1844 coacta
2021 1803 2220 1856 manu,

221 1875 281 1930 in
311 1874 680 1930 Provinciam
710 1873 1047 1930 Narbonem
1070 1893 1275 1930 versus
1302 1875 1660 1949 eruptionem
1692 1874 1887 1932 facere
1907 1875 2217 1933 contendit.

220 1963 361 2028 Qua
410 1981 474 2019 re
516 1964 813 2032 nunciata,
858 1963 1075 2020 Caesar
1125 1965 1394 2020 omnibus
1433 1964 1690 2021 consiliis
1739 1965 2220 2024 antevertendum

220 2053 593 2120 existimavit,
626 2061 688 2107 ut
716 2051 1050 2108 Narbonem
1083 2051 1565 2126 proficisceretur.
1627 2053 1718 2112 Eo
1733 2073 1916 2130 quum
1945 2056 2215 2124 venisset,

216 2143 491 2200 timentes
517 2141 837 2211 confirmat,
858 2141 1143 2218 praesidia
1164 2143 1223 2197 in
1246 2141 1491 2201 Rutenis
1520 2145 1991 2220 provincialibus,
2014 2144 2217 2204 Volcis
2241 2150 2324 2205 20

219 2232 609 2300 Arecomicis,
660 2230 1045 2300 Tolosatibus,
1094 2232 1436 2308 circumque
1484 2234 1840 2304 Narbonem,
1887 2254 2038 2310 quae
2083 2234 2216 2292 loca

226 2321 491 2379 hostibus
518 2330 683 2377 erant
725 2320 986 2388 finitima,
1018 2322 1344 2378 constituit:
1389 2334 1611 2399 partem
1649 2325 1945 2399 copiarum
1983 2340 2056 2379 ex
2086 2323 2217 2380 Pro-

218 2410 435 2479 vincia,
466 2408 1067 2485 supplementumque,
1098 2411 1248 2485 quod
1292 2430 1365 2468 ex
1408 2412 1576 2469 Italia
1617 2413 1957 2481 adduxerat,
1987 2412 2048 2467 in
2079 2410 2216 2467 Hel-

216 2488 363 2568 vics,
393 2500 496 2575 qui
526 2498 669 2555 fines
700 2499 1104 2556 Arvernorum
1134 2502 1496 2577 contingunt,
1528 2502 1838 2558 convenire
1863 2498 2050 2575 jubet.

298 2588 464 2647 VIII.
538 2588 649 2645 His
704 2588 877 2645 rebus
926 2591 1293 2664 comparatiS,
1346 2608 1609 2666 represso
1651 2590 1774 2665 jam
1825 2588 2106 2646 Lucterio
2159 2599 2218 2647 et
2241 2600 2320 2654 25

218 2689 457 2747 remot0‚
488 2678 637 2753 quod
669 2678 887 2735 intrare
915 2679 1069 2735 intra
1111 2679 1400 2753 praesidia
1442 2680 1830 2753 periculosum
1871 2680 2125 2753 putabat,
2155 2680 2216 2737 in

218 2768 471 2826 Helvios
512 2768 929 2843 proficiscitur:
976 2768 1081 2825 etsi
1128 2786 1291 2825 mons
1334 2766 1629 2836 Cevenna,
1673 2769 1774 2842 qui
1804 2762 2102 2825 Arvernos
2145 2770 2216 2825 ab

218 2856 451 2917 Helviis
480 2857 769 2925 discludit,
801 2858 1109 2919 durissimo
1146 2868 1402 2933 tempore
1447 2858 1601 2926 anni,
1635 2858 1916 2914 altissima
1942 2858 2078 2915 nive
2105 2860 2216 2915 iter

180 3005 183 3007 ,
217 2949 605 3025 impediebat3
653 2960 847 3005 tamen
897 2948 1337 3006 discussa‘nive
1368 2966 1434 3006 v1
1476 2949 1536 3005 in
1579 2949 1938 3010 altitudinem
1983 2948 2212 3024 pedum,

219 3049 395 3115 atque
425 3040 506 3095 ita
535 3039 647 3095 viis
675 3037 995 3114 patefactis,
1036 3058 1263 3096 summo
1294 3039 1543 3095 militum
1573 3038 1767 3115 labore
1811 3038 1880 3095 ad
1913 3039 2058 3095 fines
2100 3038 2213 3094 Ar·
2241 3042 2320 3097 30

216 3146 531 3185 vernorum
559 3128 836 3203 pervenit.
922 3126 1153 3191 Quibus
1180 3129 1468 3203 oppressis
1495 3128 1941 3204 inopinantibus,
1971 3127 2121 3202 quod
2151 3146 2214 3184 se

215 3218 512 3286 Cevenna,
537 3226 600 3273 ut
628 3236 814 3286 muro,
834 3218 1089 3275 munitos
1116 3220 1539 3287 existimabant,
1573 3238 1644 3275 ac
1675 3236 1745 3275 ne
1775 3217 2058 3293 singulari
2087 3218 2212 3292 qui-

218 3308 351 3365 dem
403 3323 661 3381 unquam
710 3306 927 3363 homini
968 3324 1037 3363 eo
1083 3316 1341 3383 tempore
1393 3308 1529 3364 anni
1578 3308 1816 3364 semitae
1866 3306 2208 3382 patu'erant3

175 3412 190 3417 ·
218 3396 509 3471 equitibus
554 3396 817 3470 imperat,
865 3406 945 3463 ut,
993 3414 1171 3469 quam
1223 3397 1505 3452 latissime
1547 3405 1789 3471 possent,
1822 3405 2124 3471 vagentur,
2157 3405 2214 3452 et

218 3502 395 3561 quam
424 3484 745 3541 maximum
773 3484 1029 3541 hostibus
1070 3495 1351 3541 terrorem
1395 3484 1664 3547 inferant.
1745 3484 2028 3542 Celeriter
2066 3486 2212 3541 haec
2239 3490 2316 3543 35

218 3572 377 3630 fama
434 3590 505 3629 ac
560 3574 793 3629 nunciis
842 3573 915 3629 ad
961 3572 1506 3649 Vercingetorigem
1561 3572 1966 3649 perferuntur:
2037 3591 2212 3648 quem

220 3661 510 3739 perterriti
554 3680 753 3719 omnes
783 3662 1041 3721 Arverni
1088 3664 1526 3721 circumsistunt
1569 3672 1739 3737 atque
1767 3663 2088 3731 obsecrant,
2133 3662 2214 3721 Ut

219 3753 342 3809 suis
384 3750 629 3810 fortunis
676 3750 959 3821 consulat,
1003 3770 1124 3810 neu
1170 3770 1231 3809 se
1278 3749 1350 3809 ab
1396 3752 1654 3809 hostibus
1700 3751 1870 3829 diripi
1919 3752 2207 3827 patiatur-3

218 3841 560 3919 praesertim
580 3858 763 3916 quum
782 3840 970 3899 videat
998 3860 1169 3898 omne
1201 3842 1272 3899 ad
1290 3862 1353 3901 se
1382 3841 1598 3899 bellum
1627 3841 1990 3899 translatum.
2051 3840 2208 3907 Quo-

1189 3936 1259 3988 12
