2709 4300
361 239 446 306 aa
699 247 734 278 κ
1079 247 1166 294 ns
1205 247 1416 294 nsaw
1454 246 1741 294 cituco
2146 249 2279 302 [cu.
2298 255 2447 298 45-42.

463 381 738 443 simulata
752 383 1064 442 Caesarem
1080 383 1353 453 amicitia,
1372 382 1523 458 quod
1554 385 1875 442 exercitum
1902 383 1963 442 in
1992 384 2193 442 Gallia
2218 385 2447 456 habeat,

463 471 556 528 sui
595 472 950 548 opprimendi
989 490 1170 530 causa
1209 471 1443 530 habere.
1526 471 1649 537 Qui
1688 473 1801 530 nisi
1842 472 2099 542 decedat,
2132 483 2303 550 atque
2346 494 2447 534 ex-

463 561 710 620 ercitum
735 560 984 620 deducat
1009 579 1082 618 ex
1113 561 1202 618 his
1229 561 1575 638 regionibus,
1606 580 1731 618 sese
1760 560 1929 618 illum
1956 579 2069 618 non
2108 580 2209 638 pro
2238 564 2445 632 amico,

463 647 564 706 sed
605 667 710 726 pro
748 650 907 714 hoste
947 649 1314 706 habiturum:
1357 648 1511 726 quod
1560 650 1611 706 si
1656 667 1792 706 eum
1834 648 2203 720 interfecerit,
2246 652 2445 710 multis

399 743 438 801 5
461 755 588 796 sese
609 739 895 796 nobilibus
923 739 1393 815 principibusque
1413 737 1617 814 Populi
1642 737 1888 796 Romani
1916 746 2149 816 gratum
2172 758 2299 798 esse
2324 737 2442 799 fae.

460 834 656 882 turum
681 846 696 883 τ
739 826 796 883 id
823 845 888 884 se
917 827 989 883 ab
1017 827 1155 903 ipsis
1195 845 1297 902 per
1325 846 1527 884 eorum
1555 827 1797 886 nuncios
1826 837 2180 904 compertum
2208 827 2443 898 habere,

459 932 706 990 quorum
733 915 990 974 omnium
1007 916 1254 994 gratiam
1271 923 1444 992 atque
1464 916 1779 974 amicitiam
1796 915 1923 992 ejus
1950 926 2131 973 morte
2160 916 2443 976 redimere

461 1013 666 1080 posset.
749 1003 920 1070 Quod
948 1005 998 1062 si
1019 1004 1377 1074 decessisset,
1400 1023 1471 1062 ac
1500 1004 1741 1062 liberam
1768 1005 2181 1080 possessionem
2212 1004 2443 1064 Galliae

459 1091 569 1148 sibi
617 1091 958 1162 tradidisset,
1001 1111 1214 1170 magno
1259 1112 1324 1150 se
1372 1093 1541 1150 illum
1590 1094 1845 1168 praemio
1892 1103 2439 1166 remuneraturum3

359 1185 436 1246 10
459 1188 537 1250 et,
582 1198 966 1257 quaecunque
1017 1183 1166 1240 bella
1211 1182 1337 1258 geri
1387 1181 1580 1252 vellet,
1630 1181 1755 1240 sine
1806 1181 1927 1240 ullo
1972 1181 2100 1257 ejus
2142 1181 2337 1240 labore
2386 1193 2443 1240 et

459 1269 721 1344 periculo
745 1270 1166 1328 confecturum.

539 1356 729 1416 XLV.
776 1357 966 1418 Multa
1014 1361 1086 1417 ab
1129 1359 1383 1418 Caesare
1428 1360 1491 1416 in
1530 1377 1685 1416 eam-
1708 1359 2051 1418 sententiam
2092 1358 2249 1418 dicta
2286 1369 2441 1430 sunt,

455 1463 637 1522 quare
681 1448 908 1526 negotio
955 1447 1228 1506 desistere
1275 1465 1390 1506 non
1438 1458 1645 1524 posset,
1696 1459 1754 1506 et
1802 1466 1989 1524 neque
2038 1466 2205 1506 suam
2252 1467 2443 1524 neque

459 1533 662 1611 Populi
691 1535 938 1596 Romani
965 1536 1441 1594 cousuetudinem
1480 1537 1615 1613 pati,
1647 1537 1729 1593 uti
1755 1537 1969 1611 optime
1996 1537 2231 1594 meritos
2256 1539 2443 1594 socios

360 1625 432 1680 15
456 1622 780 1695 desereret3
827 1643 1014 1700 neque
1041 1644 1104 1684 se
1142 1624 1411 1701 judicare
1456 1625 1713 1685 Galliam
1754 1623 1940 1700 potius
1981 1643 2109 1682 esse
2140 1625 2440 1696 Ariovisti,

454 1731 631 1786 quam
669 1711 874 1788 Populi
925 1711 1192 1772 Romani.
1304 1713 1471 1772 Bello
1518 1722 1815 1790 superatos
1862 1731 1989 1772 esse
2039 1713 2336 1772 Arvernos
2382 1724 2443 1772 et

457 1799 714 1858 Rutenos
763 1801 836 1858 ab
879 1801 962 1866 Q.
1013 1801 1196 1860 Fabio
1245 1800 1519 1871 Maximo,
1568 1803 1781 1878 quibus
1830 1801 2084 1876 Populus
2140 1799 2441 1862 Romanus

455 1889 799 1966 ignovisset3
845 1907 1034 1966 neque
1063 1891 1122 1946 in
1152 1891 1508 1964 provinciam
1529 1890 1859 1968 redegisset,
1879 1905 2072 1964 neque
2090 1891 2441 1965 stipendium

369 1989 382 1994 ”
455 1977 836 2053 imposuisset.
919 1977 1092 2043 Quod
1133 1979 1183 2034 si
1225 1979 1687 2054 antiquissimum
1714 1977 1981 2055 quodque
2022 1987 2249 2053 tempus
2277 1999 2437 2054 spec-

349 2071 442 2131 20-
457 2067 566 2124 tari
613 2075 914 2142 oporteret,
965 2065 1167 2144 Populi
1217 2065 1467 2124 Romani
1511 2067 1892 2142 justissimum
1940 2085 2065 2127 esse
2121 2067 2182 2123 in
2240 2067 2440 2126 Gallia

453 2154 794 2233 imperium:
851 2156 900 2213 si
942 2156 1232 2231 judicium
1275 2156 1527 2213 Senatus
1573 2157 1795 2215 servari
1842 2165 2143 2233 oporteret,
2194 2156 2437 2218 liberam

452 2242 663 2301 debere
711 2263 836 2303 esse
894 2244 1167 2313 Galliam,
1213 2263 1391 2319 quam
1448 2244 1596 2303 bello
1644 2246 1858 2303 victam
1904 2246 2027 2303 suis
2082 2244 2311 2321 legibus
2353 2248 2437 2304 uti

451 2331 746 2391 voluisset.

532 2420 752 2481 XLVI.
795 2421 956 2479 Dum
983 2422 1132 2479 haec
1171 2422 1233 2481 in
1261 2420 1545 2497 colloquio
1586 2431 1886 2499 geruntur,
1929 2420 2169 2497 Caesari
2196 2424 2434 2489 nuncia-

347 2517 426 2577 25
452 2518 578 2567 tum
625 2519 730 2580 est,
761 2512 986 2587 equites
1017 2510 1295 2568 Ariovisti
1335 2510 1567 2587 propius
1606 2509 1896 2569 tumulum
1942 2509 2236 2579 accedere,
2266 2520 2325 2567 et
2364 2511 2437 2569 ad

305 2584 324 2593 ’
449 2607 674 2656 nostros
727 2599 1098 2677 adequitare3
1171 2598 1392 2675 lapides
1445 2599 1673 2673 telaque
1728 2600 1791 2657 in
1844 2608 2065 2657 nostros
2120 2600 2443 2675 conjicere..

449 2684 669 2752 Caesar
696 2686 964 2763 loquendi
991 2688 1170 2745 finem
1199 2686 1335 2746 fecit
1357 2706 1377 2759 3
1423 2706 1601 2762 seque
1632 2686 1703 2743 ad
1730 2706 1866 2746 suos
1893 2687 2111 2763 recepit
2134 2706 2152 2759 ;
2199 2688 2433 2763 suisque

449 2776 773 2851 imperavit,
801 2796 876 2834 ne
903 2776 1054 2851 quod
1082 2777 1314 2833 omnino
1339 2776 1521 2833 telum
1548 2776 1607 2831 in
1638 2776 1828 2833 hostes
1856 2775 2182 2851 rejicerent.
2254 2776 2431 2844 Nam,

449 2865 558 2921 etsi
585 2864 708 2923 sine
739 2864 859 2922 ullo
875 2864 1134 2941 periculo
1153 2864 1397 2943 legionis
1424 2864 1683 2921 delectae
1702 2882 1837 2921 cum
1856 2865 2115 2938 equitatu
2150 2864 2433 2939 proelium

177 2952 223 2963 ”’
244 2950 571 3020 “We
617 2952 867 3021 videbat,
911 2962 1104 3009 tamen
1145 2952 1617 3011 committendum
1658 2970 1773 3009 non
1820 2952 2075 3027 putabat,
2120 2962 2200 3020 ut,
2252 2952 2434 3027 pulsis

449 3040 722 3110 hostibus,
753 3040 870 3099 dici
897 3049 1102 3117 posset,
1132 3059 1230 3097 eos
1259 3040 1331 3097 ab
1360 3060 1425 3099 se
1452 3058 1555 3115 per
1583 3040 1755 3097 fidem
1782 3042 1843 3097 in
1871 3039 2157 3115 colloquio
2185 3040 2431 3097 circum-

451 3138 667 3189 ventos.
766 3130 1147 3204 Posteaquam
1201 3129 1262 3185 in
1317 3127 1533 3203 vulgus
1588 3128 1837 3185 militum
1890 3128 2108 3186 elatum
2164 3138 2267 3199 est,
2315 3148 2435 3208 qua

451 3218 780 3293 arrogantia
807 3219 869 3275 in
895 3218 1182 3292 colloquio
1204 3216 1535 3296 Ariovistus
1563 3236 1720 3285 usus,
1744 3217 1899 3274 omni
1929 3216 2127 3275 Gallia
2156 3216 2435 3279 Romanis

449 3303 853 3375 interdixisset,
883 3306 1278 3383 impetumque
1319 3305 1381 3361 in
1421 3314 1643 3363 nostros
1682 3306 1811 3381 ejus
1850 3306 2074 3380 equites
2116 3304 2428 3377 fecissent3

349 3400 431 3459 35
451 3410 636 3469 eaque
685 3411 780 3451 res
825 3394 1177 3470 colloquium
1227 3404 1292 3451 ut
1335 3392 1672 3463 diremisset,
1703 3394 1883 3451 multo
1931 3393 2115 3468 major
2162 3394 2435 3452 alacritas

451 3480 822 3557 studiumque
850 3482 1144 3560 pugnandi
1175 3482 1363 3559 majus
1390 3482 1651 3539 exercitu
1678 3482 1957 3561 injectum
1984 3490 2090 3541 est.

533 3568 780 3627 XLVII.
825 3569 1011 3628 Biduo
1039 3579 1162 3644 post
1191 3570 1527 3628 Ariovistus
1555 3570 1627 3627 ad
1654 3569 1966 3629 Caesarem
1994 3571 2214 3649 legatos
2241 3570 2431 3640 mittit,

450 3655 625 3727 Velle
661 3676 728 3715 se
773 3656 847 3714 de
895 3657 986 3717 his
1032 3658 1222 3726 rebuS,
1268 3677 1421 3733 quae
1464 3659 1616 3720 inter
1658 3677 1756 3717 eos
1806 3660 1904 3736 agi
1944 3668 2199 3735 coeptae,
2242 3677 2432 3734 neque

453 3742 742 3819 perfectae
757 3752 966 3812 essent,
995 3763 1170 3821 agere
1199 3762 1336 3801 cum
1364 3765 1462 3807 eo:
1507 3746 1591 3805 uti
1620 3756 1719 3805 aut
1738 3746 1949 3805 iterum
1967 3747 2253 3825 colloquio
2278 3747 2435 3809 diem
