2709 4300
402 249 523 310 106
1107 257 1195 304 ns
1238 255 1448 302 senno
1485 254 1772 302 cauco
2175 253 2308 306 [cu.
2324 257 2478 305 ⁴2⁴1«

194 435 239 476 0
496 418 504 430 ·
576 393 792 454 XLIX.
840 393 1017 464 Galli,
1048 411 1111 452 re
1148 395 1384 470 cognita
1421 412 1524 470 per
1563 391 1968 469 exploratores,
1997 390 2350 448 obsidionem
2387 409 2478 450 ro·

494 483 781 562 linquunt,
813 486 885 543 ad
912 485 1225 544 Caesarem
1252 484 1518 543 omnibus
1545 484 1724 559 copiis
1749 481 2136 552 contendunt3
2182 499 2286 539 eae
2313 490 2482 540 erant

494 586 845 634 armtorum
874 577 1109 634 circiter
1134 575 1319 632 millia
1346 593 1446 634 nx.
1516 574 1738 642 Cicero,
1761 573 1894 630 data
1915 571 2210 641 facultate,
2235 571 2478 630 Gallum

496 667 571 722 ab
610 665 813 725 eodem
853 665 1185 735 Verticone,
1228 683 1404 742 quem
1447 682 1626 740 supra
1665 661 2204 730 demonstravimus,
2249 662 2476 738 repetit,

428 757 470 822 'fi
496 756 596 831 qui
634 756 831 814 literas
870 756 939 813 ad
978 756 1290 812 Caesarem
1334 752 1586 812 referat:
1636 753 1794 810 hunc
1835 751 2118 820 admonet,
2155 751 2266 808 iter
2303 760 2478 810 caut·

494 843 915 921 'diligenterque
946 843 1119 903 faciat
1143 863 1157 900 :
1202 844 1507 919 perscribit
1533 843 1595 899 in
1623 842 1822 911 literis,
1843 839 2056 898 Hostes
2077 841 2152 898 ab
2170 859 2234 898 se
2261 839 2474 898 disces·

495 934 656 1003 sisse,
686 951 1027 1010 omnemque
1058 933 1131 991 ad
1156 951 1291 990 eum
1322 931 1750 990 multitudinem
1783 931 2158 988 convertisse.
2241 929 2477 994 Quibus

494 1023 680 1081 literis
706 1024 939 1081 circiter
966 1023 1155 1080 media
1182 1032 1348 1080 nocte
1379 1021 1587 1090 allatis,
1609 1021 1830 1078 Caesar
1849 1038 1985 1076 suos
2013 1014 2153 1075 facit
2169 1018 2474 1088 certiores,

494 1130 709 1187 eosque
753 1112 823 1169 ad
864 1111 1259 1170 dimicandum
1302 1112 1494 1168 animo
1535 1111 1870 1167 confirmat:
1925 1117 2146 1184 postero
2185 1107 2297 1176 die,
2339 1107 2476 1165 luce

391 1209 468 1265 10
496 1201 699 1278 prima,
730 1213 921 1260 movet
960 1212 1169 1271 castra,
1200 1211 1257 1258 et
1284 1202 1522 1259 circiter
1551 1201 1736 1257 millia
1763 1217 2040 1276 passuum
2069 1207 2320 1274 quatuor
2347 1215 2474 1274 pro-

493 1308 745 1368 gressus,
764 1301 924 1349 trans
942 1292 1155 1350 vallem
1177 1309 1448 1368 magnam
1473 1300 1530 1348 et
1551 1291 1760 1358 rivum,
1781 1287 2206 1346 multitudinem
2227 1287 2478 1345 hostium

492 1382 878 1457 conspicatur.
982 1381 1129 1439 Erat
1176 1381 1376 1457 magni
1423 1379 1666 1456 periculi
1717 1396 1828 1446 reS,
1875 1395 2016 1435 cum
2071 1378 2246 1434 tantis
2297 1378 2478 1454 copiis

492 1472 691 1546 iniquo
736 1471 865 1529 loco
910 1471 1209 1528 dimicare.
1294 1469 1470 1538 Tum,
1513 1469 1786 1544 quoniam
1831 1467 2140 1524 liberatum
2181 1465 2477 1524 obsidione

492 1559 833 1618 Ciceronem
878 1560 1115 1629 sciebat,
1141 1577 1329 1636 >eoque
1371 1559 1604 1618 omnino
1645 1555 2050 1614 remittendum
2079 1555 2152 1613 de
2179 1555 2476 1614 celeritate

382 1645 467 1713 ³15
494 1649 873 1720 existimabat,
902 1647 1175 1717 consedit,
1206 1657 1279 1717 et,
1308 1667 1483 1724 quam
1523 1647 1868 1722 aequissimo
1902 1655 2088 1721 potest·
2113 1645 2258 1714 loce,
2279 1654 2479 1704 eastra

490 1743 829 1800 communit.
915 1743 1111 1817 Atque
1150 1742 1311 1810 haec,
1342 1743 1450 1797 etsi
1483 1751 1648 1798 erant
1674 1739 1888 1815 exigua
1927 1755 2030 1814 per
2055 1757 2136 1807 se,
2167 1739 2267 1794 vix
2297 1738 2474 1795 homi·

490 1849 634 1888 num
662 1832 909 1889 millium
936 1847 1044 1900 vn,
1076 1831 1413 1906 praesertim
1441 1830 1620 1887 nullis
1646 1847 1784 1886 cum
1813 1825 2249 1904 impedimentis,
2279 1837 2474 1884 tamen

494 1921 777 1996 angustiis
806 1921 1053 1990 viarum,
1083 1939 1258 1994 quam
1288 1911 1538 1976 maxime
1567 1929 1766 1994 potest,
1797 1918 2099 1986 contrahit,
2121 1935 2193 1974 eo
2215 1917 2474 1986 consilio,

492 2019 558 2065 ut
603 2009 663 2065 in
712 2027 998 2066 summam
1052 2011 1532 2084 contemptionem
1590 2008 1848 2065 hostibus
1899 2008 2111 2065 veniat.
2215 2007 2470 2076 Interim,

385 2089 465 2161 '20
494 2099 951 2173 speculatoribus
994 2100 1053 2155 in
1098 2117 1297 2169 omnes
1338 2109 1528 2175 partes
1569 2098 1836 2168 dimissis,
1869 2095 2145 2175 explorat,
2173 2115 2290 2173 quo
2319 2115 2469 2155 com-

492 2188 819 2245 modissimo
846 2188 1049 2246 itinere
1078 2189 1292 2246 vallem
1320 2190 1572 2246 transire
1600 2190 1796 2265 possit.

570 2274 645 2334 L.
691 2276 781 2334 Eo
806 2277 917 2347 die,
950 2278 1208 2353 parvulis
1251 2279 1614 2353 equestribus
1657 2278 1890 2353 proeliis
1919 2277 1990 2335 ad
2033 2296 2242 2353 aquam
2287 2276 2471 2348 factis,

492 2366 725 2441 utrique
754 2384 883 2423 sese
910 2384 1015 2423 suo
1042 2367 1169 2424 loco
1191 2368 1520 2425 continent:
1555 2367 1734 2437 Galli,
1757 2367 1909 2441 quod
1933 2368 2238 2443 ampliores
2259 2368 2471 2442 copias,

488 2473 641 2529 quae
688 2454 940 2512 nondum
984 2466 1395 2525 convenerant,
1443 2456 1852 2533 exspectabant
1876 2476 1893 2527 3
1951 2456 2189 2525 Caesar,
2233 2456 2282 2512 si
2329 2455 2472 2513 forte

382 2556 463 2609 25
489 2544 709 2601 timoris
748 2544 1113 2602 simulatione
1155 2545 1345 2603 hostes
1374 2545 1434 2601 in
1469 2564 1640 2601 suum
1683 2545 1877 2602 locum
1919 2545 2132 2603 elicere
2174 2554 2378 2621 posset,
2410 2554 2474 2603 ut

488 2634 635 2689 citra
656 2632 869 2690 vallem
894 2650 997 2709 pro
1025 2635 1229 2691 castris
1258 2635 1476 2711 proelio
1497 2634 1902 2705 contenderet3
1950 2635 1998 2691 si
2019 2633 2332 2691 id-efficere
2358 2652 2472 2691 non

488 2731 694 2797 posset,
726 2730 806 2791 ut,
837 2722 1149 2799 exploratis
1187 2724 1508 2792 itineribus,
1540 2724 1758 2780 minore
1797 2742 1932 2779 cum
1971 2722 2230 2798 periculo
2257 2723 2474 2780 vallem

488 2810 795 2886 rivumque
822 2813 1113 2869 transiret.
1200 2812 1396 2869 Prima
1425 2813 1556 2870 luce
1587 2812 1831 2869 hostium
1859 2813 2150 2887 equitatus
2177 2810 2250 2867 ad
2278 2822 2474 2869 castra
2550 2846 2559 2855 ·

438 2906 445 2913 ’
488 2900 729 2969 accedit,
756 2901 1153 2977 proeliumque
1176 2920 1311 2958 eum
1334 2902 1540 2959 nostris
1561 2902 1849 2977 equitibus
1871 2902 2187 2959 committit.
2251 2899 2474 2958 Caesar

383 3002 461 3057 30
486 2988 745 3045 consulto
766 2990 988 3063 equites
1014 2990 1241 3058 cedere,
1266 3006 1444 3065 seque
1467 2992 1524 3046 in
1549 3001 1746 3047 castra
1767 2991 2028 3067 recipere
2050 2990 2250 3065 jubet3
2293 2990 2471 3047 simul

482 3096 555 3133 ex
600 3078 865 3134 omnibus
910 3078 1168 3153 partibus
1212 3090 1404 3137 castra
1449 3080 1650 3136 altiore
1691 3080 1848 3136 vallo
1891 3080 2123 3147 muniri,
2164 3088 2472 3154 portasque

486 3167 724 3236 obstrui,
778 3176 949 3241 atque
1000 3168 1059 3225 in
1109 3168 1199 3225 his
1248 3168 1712 3225 administrandis
1767 3168 1941 3225 rebus
1987 3184 2162 3243 quam
2219 3170 2470 3226 maxime

484 3258 841 3325 concursari,
874 3266 929 3313 et
956 3276 1094 3314 cum
1122 3256 1488 3315 simulatione
1517 3258 1738 3314 timoris
1767 3259 1861 3335 agi
1884 3256 2070 3333 jubet.

564 3342 668 3400 LI.
714 3345 946 3409 Quibus
990 3346 1257 3402 omnibus
1306 3347 1482 3403 rebus
1529 3347 1718 3404 hostes
1768 3346 1990 3403 invitati
2039 3346 2236 3423 copias
2285 3356 2468 3404 trans-

382 3444 458 3499 35
484 3430 723 3503 ducunt,
754 3434 1056 3509 aciemque
1083 3435 1281 3509 iniquo
1308 3434 1436 3493 loco
1461 3436 1851 3507 constituunt;
1895 3436 2102 3492 nostris
2130 3453 2266 3492 vero
2293 3436 2469 3493 etiam

2 3518 391 3569 Α
486 3520 556 3577 de
586 3521 739 3578 va‘llo
766 3521 1044 3592 deductiS,
1077 3525 1309 3599 propius
1344 3524 1652 3621 accedunt,
1681 3535 1740 3581 et
1765 3525 1881 3581 tela
1910 3526 2062 3581 intra
2091 3525 2469 3581 munitionem

482 3626 556 3665 ex
574 3610 841 3667 omnibus
857 3612 1112 3686 partibus
1124 3613 1476 3688 conjiciunt3
1475 3586 1996 3688 praeconibusque
2013 3614 2239 3669 circum
2259 3613 2466 3683 missis,

486 3699 857 3770 pronunciari
881 3700 1124 3773 jubent·
1169 3702 1287 3758 Seu
1316 3702 1448 3777 quis
1471 3702 1682 3759 Gallus
1707 3720 1814 3759 seu
1845 3702 2144 3759 Romanus
2166 3702 2304 3761 velit
2331 3711 2468 3759 ante

484 3784 683 3841 horam
726 3784 953 3843 tertiam
991 3788 1062 3843 ad
1104 3808 1166 3844 se
1206 3791 1468 3859 transire,
1509 3791 1632 3847 sine
1675 3790 1934 3865 periculo
1974 3790 2192 3863 licere;
2245 3799 2369 3867 post
2407 3788 2469 3849 id
