2709 4300
224 301 344 348 cn.
362 299 537 354 εει-ευ]
995 301 1188 350 unm
1220 302 1552 356 Quanws.
2239 293 2330 366 ⁸1

220 439 529 509 dederunt,
560 447 801 516 partem,
830 457 905 496 ex
934 437 1436 516 longinquioribus
1451 440 1606 498 -locis
1633 439 1988 510 arcessitam,
2017 440 2222 518 paucis

218 529 431 586 diebus
457 547 583 586 sese
612 528 847 586 daturos
862 527 1155 586 dixerunt.
1214 528 1444 586 Interea
1461 547 1596 586 suos
1619 531 1938 608 remigrare
1965 531 2028 587 in
2049 549 2220 607 agros
2243 533 2272 540 “

208 617 553 694 jusserunt:
598 617 1003 694 principesque
1024 617 1283 694 undique
1310 619 1640 690 convenire,
1663 630 1721 677 et
1747 639 1812 678 se
1839 620 2218 698 civitatesque

215 727 363 766 suas
389 708 628 766 Caesari
656 707 1063 765 commendare
1092 718 1428 784 coeperunt.

306 796 585 855 XXVIII.
631 795 745 854 His
774 796 947 854 rebus
988 813 1133 872 pace
1174 797 1532 866 confirmata,
1563 809 1687 874 post
1727 797 1878 856 diem
1919 809 2212 874 quartum,
2240 807 2280 861 5

212 905 399 964 quam
424 887 593 946 estin
622 886 983 943 Britanniam
1008 896 1263 956 ventum,
1294 892 1476 944 naves
1503 903 1676 957 xvm,
1705 887 1776 946 de
1797 889 2010 965 quibus
2037 907 2216 965 supra

212 977 677 1034 demonstratum
730 984 835 1044 est,
884 993 1037 1052 quae
1084 976 1309 1052 equites
1364 975 1738 1046 sustulerant,
1787 995 1860 1034 ex
1917 979 2214 1054 superiore

210 1075 399 1142 portu·
432 1065 551 1122 leni
600 1075 771 1122 vento
824 1063 1139 1122 solverunt.
1222 1065 1396 1130 Quae
1451 1083 1634 1142 quum
1691 1068 2216 1144 appropinquarent

208 1153 577 1224 Britanniae,
616 1163 675 1212 et
718 1171 791 1210 ex
840 1154 1049 1212 castris
1076 1153 1428 1224 viderentur,
1471 1165 1634 1212 tanta
1673 1165 1982 1232 tempestas
2025 1157 2213 1215 subito

208 1253 413 1302 coorta
454 1255 557 1314 est,
588 1253 653 1302 ut
696 1243 862 1300 nulla
902 1261 1106 1300 earum
1156 1261 1397 1301 cursum
1442 1254 1641 1301 tenere
1681 1255 1886 1319 posset,
1917 1245 2018 1304 sed
2060 1246 2210 1304 aliae
2241 1253 2324 1310 10.

207 1333 437 1403 eodem,
470 1332 623 1390 unde
642 1341 809 1389 erant
836 1331 1146 1408 profectae,
1178 1332 1572 1405 referrentur3
1607 1333 1758 1392 aliae
1781 1334 1851 1390 ad
1881 1333 2212 1392 inferiorem

209 1433 442 1499 partem
482 1423 727 1491 insulae,
758 1440 909 1496 quae
953 1431 1039 1478 est
1082 1422 1315 1498 propius
1359 1423 1496 1478 solis
1539 1441 1832 1492 occasum,
1864 1441 2076 1499 magno
2117 1426 2212 1482 sui

208 1531 353 1570 cum
373 1511 635 1587 periculo
662 1511 1082 1586 dejicerenturz
1112 1529 1266 1585 quae
1288 1519 1502 1578 tamen,
1523 1509 1789 1566 anchoris
1813 1511 2212 1588 jactis,.quum

208 1601 490 1658 fluctibus
538 1601 981 1676 complerentur,
1032 1600 1366 1657 necessario
1413 1597 1660 1656 adversa
1705 1609 1871 1656 nocte
1920 1601 1980 1656 in
2029 1601 2212 1658 altum

208 1701 522 1768 provectae
550 1690 934 1746 continentem
966 1690 1273 1765 petierunt.
2241 1699 2314 1754 15

295 1778 520 1840 XXIX.
567 1779 792 1836 Eadem
820 1788 989 1836 nocte
1020 1777 1249 1847 accidit,
1276 1787 1339 1835 ut
1361 1787 1510 1836 esset
1532 1776 1675 1838 luna
1703 1778 1878 1854 plena
1900 1798 1924 1851 3·
1963 1780 2066 1855 qui
2087 1779 2211 1840 dies

208 1870 532 1926 maritimos
561 1878 755 1925 aestus
782 1868 1065 1924 maximos
1092 1868 1152 1924 in
1176 1866 1416 1925 Oceano
1443 1867 1676 1925 efficere
1703 1871 2038 1927 consuevit:
2081 1889 2208 1928 nos·

206 1960 435 2032 trisque
463 1955 520 2014 id
548 1967 675 2015 erat
702 1957 1083 2033 incognitum.
1167 1956 1255 2013 Ita
1284 1975 1400 2015 uno
1421 1967 1676 2034 tempore
1697 1968 1755 2016 et
1777 1959 1980 2036 longas
2007 1979 2206 2031 naves,

206 2049 428 2124 quibus
452 2046 675 2104 Caesar
700 2046 1024 2104 exercitum
1054 2045 1557 2122 transportandum
1585 2060 1915 2118 curaverat,
1945 2068 2208 2125 quasque

206 2138 273 2195 in
302 2135 533 2194 aridum
562 2135 935 2205 subduxerat,
964 2145 1162 2193 'aestus
1202 2135 1530 2213 complebat
1547 2157 1566 2210 3
1611 2146 1670 2197 et
1710 2139 2024 2209 onerarias,
2057 2160 2208 2217 quae
2233 2147 2314 2205 20

208 2227 291 2284 ad
314 2227 601 2284 anchoras
620 2235 786 2283 erant
808 2224 1114 2302 deligatae,
1144 2234 1451 2302 tempestas
1473 2227 1784 2285 afflictabat
1803 2248 1821 2300 3
1867 2247 2056 2304 neque
2087 2230 2211 2287 ulla

210 2316 425 2373 nostris
470 2315 737 2395 facultas*
768 2324 870 2372 aut
920 2314 1374 2385 administrandi,
1433 2326 1534 2373 aut
1578 2316 1901 2373 auxiliandi
1941 2317 2206 2375 dabatur.

208 2405 627 2481 Compluribus
670 2406 917 2461 navibus
948 2402 1166 2474 fractiS,
1199 2404 1460 2480 reliquae
1489 2414 1910 2481 quum'essent,
1953 2403 2206 2475 funibus,

212 2495 502 2564 anchoris,
560 2494 913 2570 reliquisque
970 2495 1343 2551 armamentis
1401 2494 1644 2563 amissiS,
1689 2492 1759 2549 ad
1815 2491 2212 2569 navigandum

210 2583 469 2653 inutiles„
500 2602 732 2660 magna,
762 2582 818 2639 id
848 2582 1001 2659 quod
1038 2602 1276 2641 necesse
1304 2591 1432 2640 erat
1460 2582 1746 2651 accidere,
1785 2583 1960 2639 totius
1988 2584 2208 2641 exerci-
2235 2600 2316 2653 25

208 2684 311 2731 tus
339 2672 691 2749 perturbatio
710 2672 865 2731 facta
892 2682 977 2729 est
998 2693 1011 2729 z
1042 2690 1231 2747 neque
1250 2672 1406 2729 enim
1427 2690 1607 2729 naves
1629 2680 1792 2729 erant
1811 2670 1979 2741 aliae,
1999 2673 2212 2747 quibus

212 2763 496 2839 reportari
524 2773 753 2839 possent
778 2781 795 2835 3
840 2771 898 2819 et
924 2763 1119 2819 omnia
1146 2761 1404 2828 deerant,
1433 2776 1586 2834 quae
1627 2760 1698 2817 ad
1729 2760 2070 2818 reficiendas
2109 2782 2214 2819 eas

213 2853 353 2909 usui
394 2861 573 2924 sunt3
616 2862 692 2921 et,
741 2852 893 2927 quod
934 2850 1203 2907 omnibus
1245 2849 1561 2918 constabat,
1605 2849 1862 2907 hiemare
1909 2850 1969 2905 in
2015 2850 2214 2908 Gallia

210 2950 496 3018 oportere,
518 2939 876 2998 frumentum
895 2941 985 2998 his
1006 2941 1067 2997 in
1088 2940 1233 2997 locis
1254 2939 1313 2995 in
1332 2938 1583 2996 hiemem
1605 2940 1898 3015 provisum
1919 2959 2034 2999 non
2062 2952 2207 2999 erat.

261 3062 269 3070 ·
301 3030 493 3088 XXX.
536 3031 773 3097 Quibus
795 3030 971 3087 rebus
992 3028 1253 3105 cognitis,
1278 3028 1570 3105 principes
1587 3028 1944 3101 Britanniae,
1965 3030 2065 3107 qui
2089 3041 2214 3106 post
2241 3040 2316 3095 30

216 3121 503 3197 proelium
535 3118 755 3179 factum
784 3118 857 3177 ad
886 3138 975 3188 ea,
998 3128 1149 3194 quae
1171 3118 1426 3193 jusserat
1453 3118 1690 3189 Caesar,
1713 3118 1978 3177 facienda
2005 3139 2211 3177 conve-

216 3218 443 3279 nerant,
474 3209 715 3283 interea
760 3207 1051 3276 collocuti,
1091 3226 1273 3281 quum
1302 3208 1526 3283 equites
1553 3218 1610 3265 et
1651 3226 1834 3265 naves
1871 3218 1930 3266 et
1958 3206 2212 3265 frumen-

214 3308 343 3357 tum
373 3298 655 3357 Romanis
681 3298 879 3355 deesse
909 3297 1317 3373 intelligerent,
1352 3306 1412 3353 et
1455 3297 1806 3373 paucitatem
1850 3297 2098 3355 militum
2139 3317 2214 3355 ex

216 3399 541 3447 castrorum
572 3388 891 3464 exiguitate
921 3374 1353 3463 cognoscerent,
1385 3404 1534 3461 quae
1565 3382 1674 3443 hoc
1701 3396 1867 3442 erant
1895 3386 2069 3443 etiam
2115 3406 2210 3444 an-

214 3480 495 3555 gustiora,
526 3475 676 3553 quod
707 3478 831 3533 sine
860 3475 1284 3552 impedimentis
1319 3474 1541 3531 Caesar
1566 3473 1824 3552 legiones
1865 3485 2210 3551 transporta-
2239 3486 2318 3541 35

214 3576 400 3635 verat,
419 3568 700 3643 optimum
731 3564 889 3623 factu
919 3584 1043 3622 esse
1062 3564 1374 3634 duxerunt,
1396 3562 1708 3620 rebellione
1727 3562 1902 3633 facta,
1926 3562 2215 3621 frumento

216 3665 663 3729 commeatuque
690 3664 913 3711 nostros
941 3654 1261 3730 prohibere,
1282 3662 1337 3711 et
1367 3670 1490 3709 rem
1519 3653 1579 3709 in
1607 3652 1854 3710 hiemem
1875 3652 2210 3728 producere,

221 3744 397 3821 quod,
426 3745 499 3803 iis
527 3745 811 3820 superatis
839 3753 940 3801 aut
968 3742 1157 3800 reditu
1178 3742 1526 3811 interclusis,
1551 3742 1840 3799 neminem
1863 3750 2056 3818 postea
2077 3736 2214 3801 belli

214 3833 514 3904 inferendi
542 3852 726 3891 causa
752 3832 813 3890 in
843 3832 1203 3891 Britanniam
1231 3832 1612 3891 transiturum
1639 3830 2022 3889 confidebant.
