2709 4300
240 328 359 376 cn.
378 333 455 382 4³.
472 327 569 380 ιι]
1020 326 1215 374 numa
1246 327 1550 379 cuma-us
2221 319 2344 382 108

238 467 409 524 nocti
436 465 715 541 captivos,
744 464 819 520 ab
844 463 935 522 his
976 464 1364 524 docebantur:
1405 464 1526 536 sed,
1553 464 1720 522 nulla
1759 465 2242 526 ferramentorum

240 555 441 630 copia,
466 573 621 630 quse
646 563 785 610 sunt
812 553 885 610 ad
914 553 1073 612 bunc
1116 573 1287 612 usum
1315 554 1538 623 idonea,
1579 554 1792 632 gladiis
1825 556 2102 632 cespitem
2127 555 2238 612 cir·

240 643 606 712 cumcidere3
624 641 893 700 manibus
920 643 1259 720 sagulisque
1286 652 1504 700 terram
1523 639 1834 702 exhaurire
1859 645 2238 721 cogebantur.

242 731 389 796 Qua
414 731 653 807 'quidem
680 751 755 790 ex
782 750 847 788 re
874 732 1175 793 hominum
1200 731 1512 790 multitudo
1546 735 1818 810 cognosci
1845 735 2060 810 potuita
2101 751 2240 792 num

244 822 447 878 minus
500 821 657 878 horis
700 821 885 878 tribus
926 821 1177 878 millium
1214 820 1422 878 decem
1467 822 1532 878 in
1570 823 1822 880 circuitu
1859 823 2238 882 munitionem
2261 829 2302 888 Ι

244 909 657 986 perfecerunt:
698 910 1055 986 reliquisque
1094 909 1297 967 diebus
1340 920 1531 968 turres
1569 911 1644 968 ad
1672 910 2036 970 altitudinem
2075 911 2238 982 valli,

246 998 451 1068 falces,
482 999 931 1074 testudinesque,
970 1017 1117 1074 ques
1166 997 1339 1056 iidem
1389 1001 1606 1076 captivi
1653 1000 1990 1070 docuerant,
2029 1018 2238 1076 parare

242 1107 321 1146 ac
352 1087 549 1145 facere
578 1097 909 1164 coeperunt.

220 1181 223 1184 ’
330 1175 555 1234 XLIII.
598 1176 857 1252 Septimo
898 1177 1335 1252 oppugnationis
1375 1177 1490 1246 die,
1531 1179 1784 1236 maximo
1821 1187 2012 1236 coorto
2047 1187 2236 1248 vento,

244 1265 543 1323 ferventes
572 1265 733 1323 fusili
760 1283 835 1322 ex
864 1265 1073 1341 argilla
1098 1265 1341 1341 glandes
1370 1265 1582 1336 fundis,
1610 1277 1668 1324 et
1697 1265 2014 1325 fervefacta
2035 1265 2239 1342 jacula
2267 1273 2342 1334 10

246 1356 309 1416 in
336 1373 527 1424 casas,
556 1373 707 1430 quae
750 1373 909 1412 more
940 1353 1171 1411 Gallico
1206 1357 1538 1412 stramentis
1581 1366 1748 1412 erant
1789 1365 1998 1426 tectae,
2035 1358 2238 1431 jacere

246 1454 593 1520 coeperunt.
678 1443 811 1502 Hae
838 1442 1109 1502 celeriter
1134 1445 1330 1520 ignem
1373 1444 1948 1518 comprehenderunt,
1985 1454 2046 1502 et
2082 1446 2241 1504 venti

250 1533 651 1610 magnitudine
678 1533 739 1590 in
766 1552 995 1590 omnem
1016 1543 1343 1590 castrorum
1367 1530 1562 1588 locum
1583 1531 1950 1589 distulerunt.
2011 1531 2238 1601 Hostes,

249 1624 509 1680 maximo
546 1622 801 1680 clamore
843 1622 1111 1690 insecuti,
1140 1621 1309 1696 quasi
1356 1629 1524 1696 parta
1560 1620 1684 1695 jam
1729 1630 1904 1696 atque
1947 1620 2242 1696 explorata

248 1712 512 1780 victoris,
540 1721 733 1768 turres
772 1709 1205 1784 testudinesque
1250 1727 1446 1785 agere,
1489 1719 1548 1767 et
1587 1708 1762 1766 scalis
1790 1709 2012 1768 vallum
2039 1728 2237 1768 ascen.
2267 1719 2342 1780 15

246 1801 391 1860 dere
420 1808 757 1876 coeperunt.
839 1799 923 1856 At
944 1807 1101 1855 tanta
1128 1799 1380 1855 militum
1402 1799 1588 1856 virtus
1615 1809 1788 1874 atque
1815 1817 1881 1855 ea
1915 1800 2242 1875 praesentia

246 1891 435 1948 animi
463 1889 591 1958 fuit,
610 1899 693 1958 ut,
714 1907 897 1964 quum
926 1888 1179 1963 undique
1208 1889 1445 1946 flamma
1470 1897 1840 1958 torrerentur,
1871 1890 2240 1965 maximeque

246 1979 501 2038 telorum
526 1977 895 2036 multitudine
924 1987 1341 2053 premerentur,
1361 1996 1584 2052 suaque
1610 1979 1804 2038 omnia
1831 1979 2240 2055 impedimenta

246 2077 428 2142 atque
454 2085 655 2124 omnes
684 2065 943 2124 fortunas
968 2066 1327 2142 conflagrare
1354 2066 1762 2142 intelligerent,
1801 2086 1915 2126 non
1943 2068 2110 2126 modo
2139 2068 2236 2125 de-

248 2156 543 2233 migrandi
568 2174 750 2213 causa
786 2154 859 2213 de
882 2155 1035 2213 vallo
1062 2155 1366 2213 decederet
1391 2176 1580 2226 nem0,
1603 2157 1706 2215 sed
1733 2176 1916 2234 paene
1941 2178 2018 2216 ne
2059 2158 2234 2235 respi·
2259 2168 2342 2225 20

250 2255 415 2303 ceret
442 2244 675 2321 quidem
702 2244 1010 2319 quisquam
1036 2264 1053 2315 ;
1100 2263 1169 2301 ac
1197 2253 1319 2301 tum
1356 2264 1556 2303 omnes
1597 2248 1880 2305 acerrime
1907 2247 2238 2305 fortissime-

246 2352 367 2411 que
396 2343 739 2410 pugnarent.
824 2332 942 2389 Hic
968 2332 1093 2389 dies
1118 2334 1323 2391 nostris
1350 2333 1520 2411 longe
1545 2336 1925 2410 gravissimus
1947 2334 2090 2407 fuit3
2133 2336 2240 2393 sed

248 2434 445 2483 tamen
496 2422 655 2481 hunc
702 2422 905 2481 habuit
950 2432 1243 2491 eventum,
1295 2431 1360 2480 ut
1405 2442 1476 2480 eo
1521 2423 1614 2479 die
1655 2424 1950 2481 maximus
1989 2424 2240 2481 hostium

246 2530 535 2573 numerus
577 2510 983 2569 vulneraretur
1032 2520 1205 2587 atque
1248 2512 1716 2583 interficeretur3
1761 2520 1825 2569 ut
1863 2530 1928 2568 se
1967 2510 2078 2567 sub
2117 2512 2240 2587 ipso

250 2601 411 2659 vallo
437 2601 921 2676 constipaverant,
950 2618 1362 2675 recessumque
1391 2600 1590 2675 primis
1619 2600 1807 2657 ultimi
1849 2618 1964 2657 non
2001 2599 2234 2659 dehent.
2261 2610 2344 2667 ε.

252 2690 509 2749 Paulum
554 2688 791 2765 quidem
836 2688 1163 2747 intermissa
1216 2689 1470 2756 flamma,
1519 2698 1578 2745 et
1623 2688 1872 2763 quodam
1919 2687 2046 2748 loco
2091 2690 2240 2755 turri

254 2780 465 2837 adacta
492 2789 550 2837 et
584 2779 952 2855 contingente
982 2777 1225 2845 vallum,
1253 2776 1460 2833 tertiae
1488 2774 1736 2833 cohortis
1763 2778 2126 2837 centuriones
2167 2796 2240 2835 ex

251 2889 343 2937 ec,
372 2886 489 2944 quo
514 2868 757 2937 stabant,
780 2867 909 2925 loco
934 2875 1319 2934 recesserunt,
1338 2883 1588 2939 suosque
1613 2882 1812 2923 omnes
1833 2875 2236 2939 removerunt3

250 2968 403 3023 nutu
432 2958 785 3033 vocibusque
824 2956 1031 3026 hostes,
1060 2956 1113 3013 si
1140 2955 1378 3013 introire
1408 2954 1640 3025 vellent,
1671 2972 1880 3013 vocare
1907 2964 2239 3031 coeperunt,

226 3044 503 3123 'quorum
530 3045 799 3123 progredi
826 3062 1007 3103 ausus
1035 3053 1124 3102 est
1148 3062 1339 3103 nemo.
1426 3043 1584 3103 Tum
1617 3064 1690 3103 ex
1715 3046 1872 3103 omni
1899 3055 2060 3121 parte
2097 3044 2239 3121 lapi·
2262 3056 2344 3115 a
2405 3056 2414 3065 ·

248 3135 425 3193 dibus
451 3135 731 3211 conjectis
758 3133 1063 3203 deturbati,
1087 3134 1380 3208 turrisque
1407 3149 1692 3191 succensa
1720 3143 1828 3191 est.

306 3283 319 3293 ,
338 3223 559 3297 XLIV.
604 3222 793 3281 Erant
818 3223 879 3279 in
911 3242 985 3279 ea
1012 3222 1237 3299 legione
1268 3220 1558 3281 fortissimi
1587 3223 1698 3280 viri
1725 3222 2110 3291 centuriones,
2139 3222 2241 3298 qui

248 3314 377 3390 jam
403 3312 607 3389 primis
644 3311 944 3371 ordinibus
986 3311 1524 3387 appropinquarent,
1555 3310 1631 3369 T.
1654 3310 1840 3369 Pulfio
1865 3319 1924 3367 et
1949 3309 2023 3368 L.
2057 3310 2239 3368 Vare-

252 3418 391 3461 nus.
474 3400 556 3461 Hi
584 3411 897 3477 perpetuas
930 3400 1083 3457 inter
1108 3418 1171 3457 se
1212 3399 1630 3459 controversias
1671 3398 1974 3469 habebant,
2004 3400 2242 3474 quinam

254 3488 681 3562 antefer-retum
724 3488 1107 3564 omnibusque
1138 3489 1305 3547 annis
1330 3488 1404 3545 de
1432 3488 1558 3547 loco
1583 3488 1827 3547 summis
1853 3488 2243 3547 simultatibus
2265 3500 2346 3557 ⁸

257 3578 698 3637 contendebant.
784 3576 879 3635 Ex
906 3577 979 3635 iis
1007 3576 1213 3646 Pulfio,
1250 3596 1435 3652 quum
1477 3578 1757 3635 acerrime
1797 3576 1872 3635 ad
1901 3578 2244 3635 munitiones

260 3676 639 3744 pugnaretur,
669 3666 829 3732 Quid
872 3666 1118 3736 dubitaS,
1147 3666 1351 3741 inquit,
1383 3663 1662 3723 Varene?
1705 3676 1806 3725 aut
1847 3684 2022 3741 quem
2049 3665 2243 3725 locum

250 3757 583 3837 probandae
607 3756 835 3813 virtutis
862 3765 997 3813 tuae
1026 3753 1299 3831 spectas?
1343 3754 1460 3823 hic,
1487 3754 1584 3813 hic
1611 3752 1736 3811 dies
1761 3753 1848 3812 de·
1861 3755 2072 3811 nostris
2107 3773 2239 3815 con-

252 3845 549 3905 troversiis
576 3843 878 3920 judicabit.
964 3842 1131 3903 Haec
1158 3862 1341 3920 quum
1367 3843 1624 3916 dixisset,
1644 3843 1900 3921 procedit
1921 3853 2090 3903 extra
2115 3864 2240 3907 mlh·
