2709 4300
704 765 785 838 Ο.
847 765 1124 838 JULII
1185 767 1671 842 CAESARIS

396 1000 1949 1098 COMMENTARIORUM

589 1255 732 1318 DE
783 1255 1176 1321 .BELLO
1245 1258 1757 1324 GALLICO

958 1459 1246 1517 LIBER
1291 1461 1398 1519 ΙΙ.

871 1837 1471 1880 ARGUMENTUM.

235 1962 360 2009 Cn.
385 1960 428 2008 1.
480 1959 658 2024 Belgae
681 1974 848 2008 omnes
871 1965 1038 2008 contra
1062 1958 1297 2022 Populum
1323 1959 1601 2008 Romanum
1624 1960 1905 2022 conjurant:
1941 1959 2037 2012 111.
2076 1977 2159 2010 ex-

168 2037 328 2099 ceptis
373 2035 555 2090 Remis,
601 2035 658 2082 V.
693 2035 877 2083 Caesar
909 2041 1078 2084 contra
1111 2050 1191 2084 eos
1223 2037 1490 2084 exercitum
1530 2037 1755 2084 Axonam
1788 2035 1973 2084 flumen
2004 2043 2159 2084 trans-

167 2113 320 2161 ducit.
403 2110 520 2159 VII.
571 2109 782 2159 Bibracti
821 2111 1003 2173 oppidu,
1048 2110 1192 2159 VIII.
1227 2116 1375 2173 atque
1418 2113 1533 2160 item
1579 2111 1641 2169 Q.
1676 2111 1862 2163 Titurio
1901 2112 2078 2175 legato,
2130 2127 2161 2159 a

170 2188 342 2251 Belgis
383 2188 683 2251 oppugnatis,
715 2186 924 2235 subsidia
953 2187 1112 2235 mittit.
1176 2186 1236 2234 X.
1269 2187 1365 2243 Illi,
1398 2188 1572 2235 frustra
1604 2188 1701 2236 istis
1734 2188 2161 2250 oppugnationibus

167 2264 391 2319 tentatis,
415 2263 479 2310 ad
501 2262 703 2315 tuendos
733 2277 844 2310 suos
876 2263 1071 2323 quisque
1109 2261 1248 2318 fines,
1287 2263 1451 2324 copias
1479 2263 1762 2324 partiuntur.
1826 2263 1945 2311 XII.
1978 2263 2163 2311 Caesar

167 2340 476 2387 discedentes
495 2340 756 2395 insecutus,
781 2338 1074 2395 Suessiones,
1107 2338 1256 2387 XIII.
1275 2338 1573 2396 Bellovacos,
1606 2338 1713 2386 XV.
1744 2345 1795 2386 et
1817 2338 2085 2389 Ambianos
2112 2340 2162 2387 in

167 2413 468 2461 deditionem
511 2414 710 2475 accepit.
800 2412 939 2461 XVI.
993 2412 1212 2469 Nervios,
1257 2414 1441 2461 sortiter
1473 2428 1526 2461 se
1572 2412 1905 2467 defendentes,
1942 2412 2162 2462 debellat.

170 2489 364 2539 XXIX.
399 2490 530 2539 Item
552 2491 834 2541 Aduaticos.

259 2627 306 2685 I.
352 2627 538 2693 Quum
581 2642 732 2685 esset
771 2628 992 2685 Caesar
1019 2628 1080 2684 in
1124 2629 1391 2687 citeriore
1435 2628 1633 2686 Gallia
1673 2628 1733 2685 in
1774 2626 2047 2696 hibernis,
2080 2628 2163 2685 ita

171 2717 263 2775 uti
289 2734 468 2791 supra
494 2716 1031 2786 demonstravimuS‚
1061 2718 1253 2775 crebri
1282 2716 1353 2773 ad
1394 2736 1529 2773 eum
1560 2734 1819 2773 rumores
1848 2714 2159 2773 affereban-

169 2815 290 2874 tur,
322 2805 618 2880 literisque
642 2807 777 2863 item
797 2804 1042 2863 Labieni
1071 2807 1282 2863 certior
1307 2806 1500 2875 fiebat,
1520 2824 1718 2862 omnes
1736 2805 1965 2881 Belgas,
1986 2822 2161 2879 quam

170 2894 406 2953 tertiam
435 2912 561 2951 esse
593 2894 825 2951 Galliae
867 2905 1088 2971 partem
1129 2894 1479 2964 dixeramus,
1510 2904 1710 2951 contra
1738 2892 2021 2969 Populum
2051 2892 2160 2949 Ro-

171 3001 418 3040 manum
447 2983 772 3058 conjurare,
801 2982 1139 3059 obsidesque
1168 2986 1319 3040 inter
1353 3002 1415 3041 se
1457 2984 1631 3041 dare:
1675 2980 2015 3058 conjurandi
2056 2982 2163 3039 has
2188 2986 2225 3039 5

171 3090 304 3129 esse
334 3091 576 3129 causas:
621 3074 890 3149 primum,
920 3072 1068 3151 quod
1101 3082 1459 3143 vererentur,
1488 3092 1579 3143 ne,
1610 3074 1765 3131 omni
1788 3080 1994 3148 pacata
2022 3070 2161 3128 Gal-

171 3162 275 3230 lia,
327 3160 400 3217 ad
445 3179 543 3219 eos
588 3162 880 3218 exercitus
923 3171 1117 3218 noster
1161 3160 1577 3219 adduceretur:
1622 3160 1845 3230 deinde,
1890 3158 2043 3235 quod
2090 3158 2163 3214 ab

171 3238 472 3307 nonnullis
523 3249 714 3307 Gallis
767 3250 1236 3319 sollicitarentur,
1288 3250 1495 3327 partim
1542 3252 1662 3326 qui,
1720 3257 1785 3306 ut
1840 3248 2165 3305 Germanos

171 3339 394 3397 diutius
422 3339 481 3395 in
525 3339 724 3396 Gallia
752 3340 974 3397 versari
1015 3340 1339 3407 noluerant,
1371 3340 1450 3395 ita
1478 3338 1682 3415 Populi
1710 3337 1958 3394 Rotnani
1998 3352 2161 3393 exer-

173 3430 360 3486 citum
378 3428 634 3485 hiemare
664 3438 836 3503 atque
864 3429 1287 3485 inveterascere
1305 3428 1367 3483 in
1386 3426 1583 3485 Gallia
1602 3427 1841 3483 moleste
1864 3424 2127 3483 ferebant
2139 3442 2158 3495 3
2192 3432 2265 3485 10

174 3516 388 3595 partim
416 3517 516 3591 qui
546 3516 858 3575 mobilitate
887 3526 944 3573 et
983 3516 1219 3574 levitate
1263 3517 1440 3573 animi
1471 3516 1633 3573 novis
1675 3515 1930 3590 imperiis
1972 3511 2161 3571 stude-

175 3606 348 3661 bant:
395 3604 468 3661 ab
495 3606 787 3663 nonnullis
815 3606 1004 3675 etiam,
1035 3605 1188 3681 quod
1215 3606 1276 3662 in
1295 3604 1493 3662 Gallia
1512 3624 1546 3661 a
1563 3604 1973 3679 potentioribus
1991 3612 2163 3677 atque

176 3694 284 3763 his,
314 3694 415 3772 qui
445 3693 518 3753 ad
559 3694 960 3752 conducendos
1003 3694 1261 3751 homines
1305 3692 1612 3751 facultates
1640 3692 1945 3761 habebant,
1988 3691 2165 3767 vulgo

179 3800 360 3859 regna
402 3784 853 3861 occupabantur,
899 3784 1001 3859 qui
1045 3783 1236 3842 minus
1281 3782 1454 3840 facile
1496 3801 1628 3841 eam
1672 3798 1797 3841 rem
1834 3782 1895 3838 in
1924 3780 2165 3857 imperio

179 3880 368 3929 nostro
395 3874 670 3947 consequi
699 3881 977 3949 poterant.
2192 3872 2267 3928 15

1139 3961 1208 4017 4*
