2709 4300
185 293 310 340 Car.
331 299 378 348 ss,
399 293 493 347 to.)
951 291 1146 342 mm
1175 291 1526 342 monuwa.
2196 285 2285 348 4}

187 429 480 488 lateribus
507 439 832 508 pugnantes
870 449 1008 490 suos
1045 433 1473 492 circumvenire
1512 441 1757 508 possent.
1844 431 1973 491 Hoc
2010 429 2181 506 facto,

191 521 430 578 duabus
475 521 816 598 legionibus,
865 538 1012 596 quas
1059 523 1318 596 proxime
1366 523 1803 597 conscripserat,
1860 523 1921 581 in
1974 521 2185 582 castris

189 611 438 679 relictis,
467 620 553 680 ut,
581 611 630 667 si
657 629 774 686 qua
813 628 960 686 opus
999 622 1168 680 esset,
1198 611 1451 669 subsidio
1478 611 1615 670 duci
1642 621 1887 687 possent,
1931 613 2185 690 reliquas

189 719 304 758 sex
333 701 590 776 legiones
617 717 718 776 pro
737 701 954 758 castris
993 701 1053 756 in
1097 701 1224 758 acie
1248 701 1561 758 constituit.
1645 701 1855 760 Hostes
1882 702 2019 760 item
2046 699 2187 762 suits

191 790 398 865 copias
423 807 498 846 ex
525 790 732 846 castris
758 789 998 849 eductas
1023 791 1433 848 instruxerant.
2208 797 2249 853 5

265 877 388 936 -ΙΧ.
417 878 614 942 ⁴Palus
657 889 783 936 erat
823 895 935 936 non
977 897 1190 955 magna
1231 879 1383 936 inter
1425 889 1683 938 nostrum
1724 889 1897 958 atque
1938 881 2187 940 hostium

196 968 546 1026 exercitum.
629 967 802 1026 Hanc
841 969 894 1026 si
935 969 1113 1026 nostri
1153 970 1481 1039 transirent,
1510 970 1701 1028 hostes
1738 972 2185 1048 exspectabantz

197 1059 382 1115 nostri
411 1069 627 1128 autem,
657 1059 707 1114 si
735 1058 810 1116 ab
835 1058 954 1114 illis
979 1059 1208 1116 initium
1227 1059 1563 1117 transeundi
1592 1059 1774 1130 fieret,
1794 1071 1859 1118 ut
1886 1061 2189 1138 impeditos

199 1147 679 1224 aggrederentur,
703 1147 886 1222 parati
903 1149 962 1203 in
985 1149 1162 1204 armis
1190 1157 1375 1204 erant.
1434 1147 1672 1206 Interim
1700 1149 1913 1225 proelio
1932 1149 2188 1225 equestri

199 1237 356 1294 inter
371 1237 520 1294 duas
547 1237 702 1294 acies
729 1236 1199 1294 contendebatur.
1251 1237 1367 1295 Ubi
1384 1237 1577 1296 neutri
1602 1239 1939 1296 transeundi
1960 1239 2189 1296 initium
2215 1241 2293 1298 1⁰

202 1324 448 1395 faciunt,
479 1325 820 1384 secundiore
862 1327 1122 1400 equitum
1163 1335 1486 1384 nostrorum
1532 1327 1763 1402 proelio,
1792 1327 2013 1385 Caesar
2054 1347 2189 1386 suos

201 1415 266 1472 in
314 1425 508 1472 castra
555 1415 800 1472 reduxit.
885 1413 1094 1472 Hostes
1141 1416 1401 1490 protinus
1448 1433 1521 1472 ex
1570 1435 1639 1474 eo
1686 1417 1813 1474 loco
1860 1417 1931 1474 ad
1972 1417 2191 1475 flumen

203 1505 484 1562 Axonam
523 1504 956 1574 contenderunt,
1001 1504 1154 1580 quod
1181 1523 1309 1561 esse
1351 1515 1477 1580 post
1516 1513 1711 1562 nostra
1738 1513 1933 1562 castra
1960 1504 2190 1562 demon·

202 1604 454 1652 stratum
497 1603 606 1650 est.
687 1592 774 1651 Ibi
817 1594 984 1652 vadis
1029 1594 1288 1668 reperti&
1335 1599 1557 1669 partem
1604 1610 1847 1650 suarum
1894 1594 2193 1669 copiarum

201 1683 588 1741 transducere
615 1684 804 1740 conati
831 1694 966 1742 sunt
985 1654 1120 1756 &20
1147 1683 1401 1752 consilio,
1424 1691 1503 1751 ut,
1522 1682 1573 1739 si
1601 1693 1844 1757 possent,
1868 1681 2191 1754 castellum,
2220 1685 2297 1742 15

205 1775 310 1831 cui
359 1783 624 1849 praeerat
671 1772 748 1837 Q.
782 1772 1053 1830 Titurius
1094 1771 1338 1848 legatus,
1386 1782 1803 1848 expugnarent,
1850 1782 2193 1849 pontemque

207 1861 690 1920 interscinderent
708 1862 772 1932 34¹
771 1861 822 1918 si
843 1863 1036 1919 minus
1062 1861 1392 1938 potuissent,
1424 1879 1595 1938 agros
1614 1861 1933 1918 Remorum
1960 1863 2192 1940 popula·

208 1962 432 2019 rentur,
476 1952 578 2027 qui
621 1969 834 2028 magno
875 1951 1040 2009 nobis
1084 1952 1218 2008 usui
1261 1950 1332 2007 ad
1384 1951 1601 2008 bellum
1645 1951 1964 2027 gerendum
2008 1963 2193 2024 erant,

205 2051 651 2116 commeatuque
679 2049 898 2097 nostros
919 2039 1383 2116 ΡιῸΙιίΙκιι-θιηκχ

295 2129 371 2188 X.
415 2129 651 2199 Caesar,
681 2130 892 2187 certior
921 2127 1110 2187 factus
1137 2127 1210 2187 ab
1239 2127 1487 2199 Tituri0,
1520 2143 1750 2189 omnem
1788 2132 2109 2207 equitatum
2136 2141 2195 2191 et
2218 2133 2297 2191 20

208 2222 362 2279 levis
405 2230 732 2277 armaturae
771 2218 1080 2287 Numidas,
1113 2217 1445 2289 funditores,
1482 2221 1923 2297 sagittariosque
1966 2232 2195 2297 pontem

208 2309 464 2369 traducit
491 2319 662 2385 atque
691 2308 764 2366 ad
791 2328 890 2367 eos
917 2307 1225 2366 contendit.
1285 2309 1523 2366 Acriter
1544 2308 1605 2367 in
1626 2328 1695 2367 eo
1720 2310 1851 2367 loco
1876 2320 2195 2386 pugnatum

209 2410 321 2459 est.
405 2398 615 2457 Hostes
655 2397 956 2475 impeditos
997 2398 1174 2454 nostri
1216 2398 1276 2454 in
1318 2398 1557 2455 flumine
1598 2399 1877 2474 aggressi,
1920 2416 2197 2475 magnum

210 2506 418 2549 eorum
465 2506 774 2546 numerum
815 2486 1172 2545 occiderunt.
1257 2486 1374 2544 Per·
1410 2504 1613 2545 eorum
1660 2502 1899 2563 corpora
1944 2486 2199 2561 reliquos

211 2578 602 2637 audacissime
645 2578 892 2635 transire
935 2587 1226 2646 conantes,
1269 2576 1635 2635 multitudine
1683 2576 1929 2633 telorum
1972 2574 2195 2651 repule-
2222 2584 2301 2639 25

213 2678 390 2739 runt3
435 2668 668 2743 primos,
698 2667 800 2742 qui
839 2668 1206 2735 transierant,
1249 2666 1511 2741 equitatu
1552 2667 1997 2734 circumventos,
2026 2666 2197 2721 inter-

215 2758 502 2817 fecerunt.
561 2755 791 2824 Hostes,
815 2756 914 2818 ubi
943 2765 998 2813 et
1027 2756 1097 2813 de
1119 2754 1503 2831 expugnando
1530 2754 1749 2829 oppido,
1780 2763 1837 2811 et
1864 2753 1934 2810 de
1962 2754 2201 2811 flumine

211 2845 584 2913 transeundo,
614 2864 774 2920 spem
813 2862 875 2901 se
906 2842 1180 2901 fefellisse
1211 2842 1635 2911 intellexerunt,
1678 2854 1869 2917 neque
1896 2852 2115 2899 nostros
2141 2843 2201 2899 in

215 2936 412 2995 locum
453 2936 798 3011 iniquiorem
845 2933 1108 3010 progredi
1155 2931 1451 3009 pugnandi
1494 2949 1675 2989 eausa
1702 2932 1985 3002 viderunt,
2031 2941 2202 3007 atque

215 3027 372 3102 ipsos
419 3042 514 3083 res
569 3023 948 3082 frumentaria
999 3022 1250 3079 deficere
1305 3021 1511 3097 coepit,
1566 3022 1817 3079 concilio
1870 3030 2201 3089 convocato,
2228 3028 2307 3085 80

216 3114 658 3182 constituerunt,
685 3114 966 3189 optimum
993 3130 1120 3169 esse
1149 3111 1383 3168 domum
1420 3129 1587 3169 suam
1629 3130 1919 3187 quemque
1950 3111 2199 3181 reverti;

219 3215 304 3273 ut,
321 3222 569 3278 quorum
587 3204 646 3259 in
675 3203 822 3259 fines
849 3203 1098 3277 primum
1119 3200 1365 3258 Romani
1388 3202 1709 3258 exercitum
1738 3199 2203 3269 introduxissent,

221 3293 296 3350 ad
337 3312 438 3351 eos
477 3291 864 3351 defendendos
903 3290 1158 3365 undique
1187 3292 1604 3360 convenirent3
1648 3299 1707 3347 et
1734 3291 1921 3366 potius
1961 3290 2022 3345 in
2062 3288 2203 3357 suis,

221 3400 400 3458 quam
435 3382 496 3438 in
534 3380 740 3439 alienis
766 3381 980 3437 finibus
1007 3378 1408 3451 decertarent3
1452 3388 1511 3435 et
1538 3378 1865 3435 domesticis
1900 3378 2079 3455 copiis
2120 3378 2205 3435 rei

223 3471 638 3528 frumentariae
683 3479 1002 3527 uterentur.
1086 3468 1184 3525 Ad
1213 3486 1344 3526 eam
1387 3468 1750 3534 sententiam,
1780 3486 1917 3523 cum
1964 3467 2206 3543 reliquis
2230 3472 2309 3531 85

221 3561 436 3630 musis,
463 3561 612 3617 haec
639 3578 868 3635 quoque
897 3560 1040 3615 ratio
1069 3576 1166 3615 eos
1192 3557 1447 3625 deduxit,
1471 3556 1620 3633 quod
1649 3554 2005 3614 Divitiacum
2032 3566 2205 3633 atque

223 3648 466 3707 Aeduos
511 3648 726 3706 finibus
766 3648 1216 3706 Bellovacorum
1273 3646 1733 3722 appropinquare
1790 3654 2204 3723 cognoverant.

221 3736 336 3796 His
379 3737 735 3815 persuaderi,
765 3747 830 3795 ut
871 3736 1087 3795 diutius
1115 3745 1495 3805 morarentur,
1524 3752 1715 3811 neque
1758 3735 1881 3816 suis
1924 3734 2209 3793 auxilium

223 3826 458 3898 ferrent,
485 3844 601 3885 non
629 3836 868 3903 poterat.
