2709 4300
475 222 560 280 42
1199 233 1288 282 nr.
1321 229 1531 280 nnuc
1563 233 1849 282 canuno
2002 231 2009 238 ·
2308 237 2447 290 [ω.
2468 244 2567 286 ι-ι,

655 367 732 426 11.
777 368 857 428 Iis
899 369 1129 428 nunciis
1170 369 1469 448 literisque
1510 381 1829 428 commotus
1866 371 2088 430 Caesar
2112 371 2261 432 duas
2300 373 2569 452 legiones

575 457 636 514 in
663 458 928 516 citeriore
953 458 1150 516 Gallia
1176 477 1356 516 novas
1384 461 1759 536 conscripsit3
1804 470 1861 518 et
1888 461 2033 520 inita
2060 471 2295 532 aestate,
2326 463 2387 528 in
2416 465 2564 522 inte-

575 547 784 606 riorem
833 547 1090 605 Galliam
1137 547 1238 624 qui
1285 547 1616 618 deduceret,
1662 549 1741 614 Q.
1786 549 2029 606 Pedium
2077 550 2335 626 legatum
2382 555 2562 610 misit.

575 634 722 712 Ipse,
749 655 934 712 quum
961 638 1210 714 primum
1231 637 1427 713 pabuli
1456 639 1623 714 copia
1648 656 1777 696 esse
1804 639 2101 715 inciperet,
2132 639 2205 698 ad
2232 643 2565 698 exercitum

509 733 548 788 5
575 727 768 798 venit3
813 725 910 784 dat
935 726 1230 803 negotium
1247 725 1572 784 Senonibus
1600 726 1953 802 reliquisque
1972 725 2180 797 Gallis,
2198 730 2302 804 qui
2326 729 2562 787 finitimi

571 813 772 892 Belgis
814 825 996 884 erant,
1041 814 1126 872 uti
1163 833 1256 884 ea,
1301 832 1453 890 quae
1497 814 1650 890 apud
1690 834 1791 872 eos
1835 825 2129 892 gerantur,
2160 829 2557 893 cognoscant3

571 921 750 978 seque
777 903 850 962 de
889 904 981 962 his
1009 904 1184 961 rebus
1209 904 1515 962 certiorem
1558 901 1792 960 saciant.
1878 903 1961 962 Hi
2002 915 2331 962 constanter
2356 925 2561 964 omnes

571 993 1000 1051 nunciaverunt
1027 1009 1232 1050 manus
1252 993 1401 1068 cogi,
1432 993 1755 1049 exercitum
1777 993 1837 1048 in
1861 1011 2043 1050 unum
2060 993 2255 1051 locum
2282 995 2556 1054 conduci.

573 1079 731 1137 Tum
759 1099 897 1138 vero
923 1080 1304 1138 dubitandum
1346 1098 1463 1138 non
1502 1081 1872 1151 existimavit,
1902 1082 2043 1158 quin
2086 1081 2159 1138 ad
2186 1101 2284 1140 eos
2314 1083 2559 1159 [duode-

473 1177 548 1232 10
571 1169 724 1228 cimc
761 1169 884 1246 die]
927 1171 1409 1246 proficisceretur.
1495 1168 1585 1226 Re
1636 1167 2019 1226 frumentaria
2066 1171 2313 1246 provisa,
2362 1183 2561 1230 castra

572 1267 778 1329 movet,
807 1258 1124 1334 diebusque
1153 1259 1387 1318 circiter
1413 1257 1744 1333 quindecim
1786 1258 1859 1315 ad
1887 1259 2032 1317 fines
2066 1258 2386 1336 Belgarum
2428 1280 2557 1338 per-

573 1349 748 1406 venit.

650 1435 755 1495 ΙΙΙ.
821 1435 910 1496 Eo
955 1454 1138 1512 quum
1185 1436 1256 1494 de
1307 1436 1633 1511 improviso,
1679 1435 2043 1512 celeriusque
2090 1437 2245 1494 omni
2288 1438 2558 1514 opinione

571 1527 840 1595 venisset,
871 1525 1062 1594 Remi,
1089 1526 1191 1600 qui
1221 1525 1467 1600 proximi
1496 1524 1729 1582 Galliae
1774 1543 1848 1582 ex
1888 1524 2091 1602 Belgis
2134 1535 2285 1595 sunt,
2316 1526 2389 1583 ad
2418 1546 2559 1584 eum

471 1621 546 1675 15
571 1614 789 1690 legatos
830 1614 1052 1672 Iccium
1093 1623 1150 1672 et
1194 1613 1635 1690 Antebrogium,
1682 1614 1895 1690 primos
1936 1614 2205 1684 civitatis,
2252 1616 2555 1686 miserunt,

569 1705 671 1778 qui
698 1703 974 1771 dicerent,
1017 1703 1094 1760 Se
1137 1720 1360 1778 suaque
1403 1703 1597 1759 omnia
1638 1702 1695 1758 in
1726 1701 1899 1758 fidem
1928 1713 2105 1778 atque
2128 1704 2189 1760 in
2216 1713 2555 1778 potestatem

571 1791 776 1866 Populi
825 1791 1072 1849 Romani
1126 1792 1492 1868 permittere3
1538 1809 1725 1866 neque
1774 1809 1837 1848 se
1886 1808 2021 1848 cum
2073 1792 2312 1866 reliquis
2352 1791 2556 1870 Belgis

569 1881 944 1949 consensisse,
975 1899 1164 1956 neque
1205 1890 1411 1937 contra
1438 1879 1723 1955 Populum
1770 1877 2097 1936 Romanum
2142 1881 2374 1937 omnino
2418 1899 2553 1938 con·

564 1965 827 2042 jurasse:
871 1979 1212 2044 paratosque
1257 1987 1385 2026 esse
1430 1977 1487 2024 et
1526 1967 1751 2024 obsides
1778 1967 1917 2025 dare
1947 1978 2003 2026 et
2044 1969 2327 2044 imperata
2357 1968 2554 2028 fucere

465 2063 544 2117 20
571 2065 624 2112 et
667 2056 886 2131 oppidis
928 2058 1206 2133 recipere,
1251 2067 1308 2114 et
1355 2055 1641 2114 frumento
1685 2057 2045 2132 caeterisque
2091 2057 2261 2114 rebus
2298 2059 2551 2134 juvare:

571 2144 822 2221 reliquos
849 2165 1048 2206 omnes
1075 2145 1290 2222 Belgas
1315 2146 1377 2203 in
1406 2146 1583 2203 armis
1624 2164 1787 2203 esse:
1832 2145 2291 2221 Germanosque,
2322 2147 2423 2223 qui
2464 2150 2555 2207 cis
2686 2139 2689 2217 ἶ

571 2233 840 2295 Rhenum
867 2236 1144 2305 incolunt,
1187 2254 1312 2293 sese
1341 2253 1479 2293 cum
1510 2235 1599 2292 his
1628 2234 2013 2311 conjunxisse,
2052 2244 2395 2311 tantumque
2422 2256 2555 2295 esse
2686 2230 2688 2251 ³

567 2342 768 2382 eorum
813 2326 1070 2382 omnium
1114 2324 1388 2393 furorem,
1420 2332 1500 2392 ut,
1548 2341 1623 2381 ne
1666 2324 2005 2381 Suessiones
2047 2323 2299 2399 quidem,
2345 2322 2554 2382 fratres

567 2416 1138 2491 consanguineosque
1185 2430 1338 2481 suos,
1388 2413 1489 2487 qui
1536 2412 1736 2469 eodem
1774 2413 1910 2489 jure
1958 2421 2016 2469 et
2063 2411 2280 2469 eisdem
2322 2413 2554 2489 legibus

463 2508 542 2563 25
569 2512 822 2572 utantur,
853 2521 1037 2559 unum
1077 2502 1405 2577 imperium,
1450 2519 1747 2577 unumque
1790 2501 2188 2577 magistratum
2232 2519 2370 2558 cum
2410 2503 2555 2579 ipsis

567 2592 829 2661 habeant,
859 2591 1151 2649 deterrere
1179 2591 1482 2673 potuerint,
1512 2590 1653 2665 quin
1682 2608 1819 2647 cum
1842 2590 1931 2648 his
1958 2590 2369 2647 consentirent.

645 2680 752 2739 IV.
797 2681 1000 2746 Quum
1029 2680 1100 2737 ab
1127 2680 1218 2737 his
1246 2688 1571 2755 quaereret,
1600 2698 1751 2753 quae
1779 2678 2062 2747 civitatee,
2091 2687 2459 2754 quantaeque
2486 2680 2553 2735 in

565 2772 743 2830 armis
772 2780 980 2840 essent,
1011 2780 1068 2827 et
1103 2769 1241 2845 quid
1271 2769 1332 2826 in
1362 2767 1513 2826 bello
1534 2780 1777 2843 possent,
1806 2768 1891 2823 sic
1933 2766 2288 2841 reperiebat:
2333 2766 2549 2843 pleros-

565 2878 678 2935 que
707 2859 926 2937 Belgas
955 2878 1082 2917 esse
1123 2868 1276 2915 ortos
1303 2858 1377 2915 ab
1407 2857 1753 2928 Germanis3
1801 2854 2188 2930 Rhenumque
2230 2856 2553 2931 antiquitus

461 2952 538 3007 30
565 2948 873 3016 traductos,
906 2956 1136 3023 propter
1162 2946 1274 3003 loci
1319 2945 1672 3004 fertilitatem
1714 2945 1795 3002 ibi
1828 2944 2175 3013 consedisse,
2206 2942 2548 3021 Gallosque,

561 3038 664 3115 qui
693 3056 764 3095 ea
790 3036 920 3093 loca
945 3034 1282 3103 incolerent,
1311 3035 1643 3109 expulisse3
1689 3033 1951 3109 solosque
1990 3050 2134 3101 esse,
2166 3032 2286 3107 qui,
2316 3042 2551 3108 patrum

561 3136 886 3185 nostrorum
925 3124 1407 3192 memoria„omni
1450 3122 1647 3180 Gallia
1674 3131 1902 3191 vexata,
1934 3120 2229 3178 Teutones
2256 3120 2546 3180 Cimbros-

561 3234 675 3290 que
703 3218 856 3273 intra
885 3214 1030 3273 fines
1057 3232 1194 3271 suos
1233 3210 1459 3314 ingredi
1504 3211 1917 3287 prohibuerint.
2003 3209 2142 3274 Qua
2184 3228 2259 3266 ex
2304 3228 2367 3267 re
2396 3211 2545 3281 fieri,

564 3306 648 3361 uti
689 3323 892 3363 earum
923 3320 1122 3361 rerum
1149 3301 1429 3360 memoria
1470 3318 1743 3377 magnam
1784 3298 1893 3356 sibi
1935 3298 2353 3366 auctoritatem,
2382 3318 2545 3375 mag-

440 3392 536 3447 '35
563 3412 780 3469 nosque
807 3394 1044 3469 spiritus
1071 3394 1132 3449 in
1161 3410 1223 3449 re
1253 3389 1491 3447 militari
1530 3398 1847 3445 sumerent.
1931 3385 2022 3445 De
2050 3403 2297 3445 numero
2340 3406 2547 3445 eorum

561 3482 754 3539 omnia
799 3500 864 3539 se
907 3482 1118 3539 habere
1167 3478 1467 3555 explorata
1513 3477 1683 3534 Remi
1724 3476 2011 3545 dicebant,
2056 3485 2353 3553 propterea
2392 3477 2549 3551 quod

565 3570 1080 3645 propinquitatibus
1107 3568 1593 3641 affinitatibusque
1635 3565 1949 3641 conjuncti,
1979 3575 2257 3640 quantam
2296 3565 2547 3640 quisque

563 3657 988 3714 multitudinem
1029 3658 1090 3713 in
1123 3655 1416 3720 communi
1461 3654 1779 3732 Belgarum
1822 3654 2066 3711 concilio
2110 3651 2182 3709 ad
2227 3651 2285 3709 id
2326 3652 2547 3711 bellum

565 3743 852 3819 pollicitus
877 3744 968 3811 sit,
997 3744 1389 3817 cognoverint.
1472 3740 1795 3799 Plurimum
1822 3743 1971 3799 inter
1992 3760 2091 3800 eos
2116 3739 2463 3799 Bellovacos
2488 3751 2547 3800 et
