2709 4300
232 268 340 314 cu.
360 273 435 321 ιτ,
453 267 551 320 ie}
1010 267 1203 316 unna
1235 269 1540 322 Qum‘rus
2203 261 2321 321 105

176 447 180 452 ·
226 405 333 462 sibi
363 404 479 461 iter
507 403 841 462 faciendum
880 404 1121 462 sciebat.
1204 405 1422 464 Scribit
1448 405 1726 478 Labieno,
1755 408 1806 465 si
1835 408 2216 486 Reipublicae

224 494 529 552 commodo
558 492 751 552 facere
780 504 987 569 posset,
1020 513 1161 556 cum
1188 495 1418 572 legione
1459 496 1530 552 ad
1559 497 1706 554 fines
1733 497 2090 557 Nerviorum
2121 505 2214 557 vess

224 585 385 642 niat·
435 584 723 660 reliquam
751 593 971 660 partem
1014 585 1325 655 exercitus,
1353 585 1504 661 quod
1543 587 1716 663 paulo
1741 588 1942 646 aberat
1969 589 2215 667 longius,

224 691 339 732 non
388 683 555 749 putat
594 673 1082 749 exspectandam·
1064 717 1083 746 ,
1128 675 1351 750 equites
1393 675 1628 734 circiter
1653 676 2102 754 quadringentos
2141 697 2216 736 ex

227 764 513 839 proximis
540 763 799 820 hibernis
826 765 1001 839 cogit.
2241 771 2282 826 5

227 894 235 900 -
306 852 571 911 XLVII.
608 852 770 910 Hora
810 854 1049 912 circiter
1084 855 1253 914 tertia
1281 855 1353 912 ab
1391 858 1863 916 antecursoribus
1899 857 1974 916 de
2017 857 2217 916 Crassi

226 942 483 1000 adventu
512 943 728 1000 certior
754 941 963 1012 factus,
990 963 1061 1001 eo
1100 943 1193 1002 die
1222 944 1406 1002 millia
1445 965 1722 1023 passuum
1751 948 1956 1026 viginti
1985 967 2215 1025 progre-

226 1032 402 1089 ditur.
514 1031 795 1090 Crassum
850 1031 1295 1092 Samarobrivae
1360 1035 1668 1110 praeficit„
1699 1037 2105 1113 legionemque
2161 1037 2218 1094 ei

228 1121 509 1190 attribuit,
539 1120 691 1197 quod
728 1121 807 1178 ibi
846 1121 1253 1197 impedimenta
1288 1125 1602 1193 exereitus,
1630 1125 1856 1184 obsides
1895 1127 2213 1196 civitatum,

226 1211 430 1268 literas
478 1211 763 1286 publiceS,
814 1209 1285 1286 frumentumque
1332 1231 1522 1282 omne,
1571 1214 1724 1289 quod
1769 1234 1840 1272 eo
1881 1215 2215 1274 tolerandae
2243 1217 2320 1274 10

228 1301 441 1358 hiemis
466 1319 649 1358 causa
682 1299 1013 1369 devexerat,
1044 1297 1426 1376 relinquebat.
1511 1301 1746 1371 Fabius,
1777 1313 1841 1360 ut
1868 1305 2216 1380 imperatum

228 1399 373 1459 erat,
397 1408 511 1446 non
534 1389 615 1446 ita
636 1389 884 1446 multum
906 1398 1179 1458 moratus,
1204 1392 1262 1446 in
1286 1391 1492 1448 itinere
1521 1410 1658 1448 cum
1686 1391 1913 1466 legione
1941 1393 2216 1450 occurrit.

229 1476 549 1547 Labienus,
578 1478 815 1535 interitu
856 1478 1059 1534 Sabini
1100 1490 1157 1536 et
1194 1479 1376 1536 caede
1406 1478 1728 1536 cohortium
1757 1481 2006 1555 cognita,
2036 1499 2218 1557 quum

226 1587 431 1625 omnes
458 1567 531 1623 ad
560 1585 696 1624 eum
719 1566 1100 1624 Trevirorum
1130 1569 1331 1643 copiae
1355 1567 1666 1636 venissent,
1689 1569 1930 1638 veritus,
1955 1587 2048 1638 ne,
2071 1571 2120 1626 si
2145 1588 2216 1626 ex

228 1656 488 1714 hibernis
532 1655 705 1731 fugae
748 1656 997 1714 similem
1044 1655 1460 1734 profectionem
1506 1655 1758 1726 fecisset,
1810 1657 2062 1714 hostium
2113 1658 2217 1714 im·
2248 1659 2323 1728 15

230 1755 431 1822 petum
476 1746 761 1802 sustinere
798 1763 909 1801 non
944 1755 1151 1820 posset,
1183 1745 1526 1821 praesertim
1551 1763 1696 1820 quos
1725 1746 1946 1802 recenti
1975 1747 2220 1804 victoria

228 1835 429 1892 efferri
474 1835 669 1902 sciret,
699 1833 898 1892 literas
941 1835 1182 1894 Caesari
1228 1835 1484 1904 remittit,
1513 1845 1730 1910 quanto
1773 1823 1910 1894 cum
1961 1836 2220 1913 periculo

228 1924 523 2001 legionem
560 1941 635 1980 ex
679 1923 933 1983 hibernis
974 1923 1295 1982 educturus
1334 1933 1520 1982 esset:
1565 1943 1690 1982 rem
1717 1936 1942 2002 gestam
1971 1927 2030 1982 in
2059 1925 2218 1984 Ebu-

230 2013 467 2072 ronibus
489 2012 827 2088 perscribit:
856 2012 1040 2082 docet,
1058 2031 1259 2072 omnes
1278 2013 1572 2088 equitatus
1593 2014 2000 2091 peditatusque
2023 2017 2220 2092 copias

230 2102 615 2161 Trevirorum
630 2102 741 2159 tria
754 2101 941 2160 millia
952 2119 1228 2179 passuum
1245 2102 1418 2181 longe
1431 2103 1504 2162 ab
1515 2104 1638 2161 suis
1651 2105 1858 2164 castris
1871 2105 2214 2165 consedisse.
2245 2105 2324 2173 20

314 2190 595 2250 XLVIII.
640 2190 877 2261 Caesar,
906 2192 1147 2250 consilio
1170 2192 1299 2268 ejus
1326 2192 1582 2269 probato,
1605 2195 1730 2264 etsi,
1753 2194 2014 2270 opinione
2043 2195 2220 2252 trium

229 2282 530 2359 legionum
558 2280 838 2357 dejectuS,
868 2280 939 2337 ad
976 2280 1123 2339 duas
1162 2282 1430 2353 redierat,
1461 2292 1657 2339 tamen
1687 2300 1870 2339 unum
1899 2283 2222 2338 communis

229 2371 441 2429 salutis
468 2370 754 2427 auxilium
782 2370 842 2426 in
872 2369 1173 2427 celeritate
1201 2371 1466 2446 ponebat.
1538 2369 1720 2427 Venit
1750 2369 1978 2445 magnis
2003 2369 2221 2425 itineri-

231 2460 343 2519 bus
371 2461 431 2516 in
460 2459 817 2521 Nerviorum
847 2458 1013 2515 fines.
1085 2458 1171 2517 Ibi
1192 2478 1265 2516 ex
1288 2459 1536 2534 captivis
1556 2458 1873 2533 cognoscit,
1895 2474 2046 2531 quae
2069 2455 2223 2533 apud

230 2550 577 2607 Ciceronem
618 2556 915 2626 gerantur,
958 2558 1287 2624 quantoque
1332 2548 1394 2604 in
1443 2546 1704 2624 periculo
1747 2563 1842 2603 res
1886 2546 1979 2603 sit.
2064 2544 2223 2601 Tum
2249 2546 2326 2621 25

232 2638 469 2696 cuidam
496 2657 570 2695 ex
598 2638 887 2714 equitibus
910 2636 1099 2695 Gallis
1126 2637 1355 2713 magnis
1383 2636 1656 2712 praemiis
1685 2633 2009 2711 persuadet,
2036 2634 2120 2691 uti
2149 2633 2222 2690 ad

232 2729 579 2787 Ciceronem
627 2727 925 2804 epistolam
972 2725 1213 2784 deserat.
1318 2725 1494 2782 Hanc
1544 2724 1794 2782 Graecis
1839 2722 2224 2799 conscriptam

132 2858 151 2875 .
234 2817 421 2875 literis
448 2817 637 2886 mittit,
660 2835 753 2885 ne,
774 2817 1093 2893 intercepta
1114 2813 1376 2891 epistola,
1399 2822 1592 2874 nostra
1613 2813 1686 2873 ab
1707 2812 1962 2869 hostibus
1985 2811 2226 2869 consilia

232 2912 679 2983 cognoscantur.
764 2904 827 2962 Si
856 2904 1018 2963 adire
1044 2924 1155 2963 non
1185 2904 1378 2981 possit,
1409 2912 1620 2973 monet,
1653 2910 1717 2959 ut
1751 2900 2046 2978 tragulam
2087 2919 2225 2957 cum
2258 2920 2266 2929 ·

234 2995 479 3071 epistola
528 2994 601 3053 ad
650 3004 945 3053 amentum
990 2994 1245 3070 deligata
1300 2994 1454 3051 intra
1507 2992 1858 3051 munitiones
1905 3000 2226 3049 castrorum
2251 2992 2328 3049 3⁰

236 3085 497 3161 abjiciat.
604 3084 671 3142 In
720 3084 905 3143 literis
950 3083 1169 3152 scribit,
1220 3082 1297 3140 Se
1346 3101 1486 3141 cum
1533 3082 1856 3159 legionibus
1904 3078 2227 3155 profectum

234 3174 509 3233 celeriter
565 3172 779 3232 affore:
848 3174 1109 3230 hortatur
1164 3182 1227 3229 ut
1272 3173 1581 3249 pristinam
1636 3172 1908 3229 virtutem
1961 3168 2224 3225 retineat.

241 3264 473 3334 Gallus,
524 3262 849 3340 periculum
904 3263 1141 3331 veritus,
1192 3271 1261 3321 ut
1312 3270 1440 3319 erat
1493 3268 1886 3337 praeceptum,
1933 3256 2228 3333 tragulam

242 3354 433 3411 mittit.
530 3352 699 3411 Haec
746 3370 889 3411 casu
938 3351 1009 3409 ad
1065 3352 1272 3410 turrim
1332 3351 1610 3419 adhaesit,
1660 3366 1850 3423 neque
1899 3348 1972 3405 ab
2021 3347 2229 3403 nostris

240 3442 417 3499 biduo
460 3442 880 3511 animadversa,
911 3442 1079 3499 tertio
1114 3441 1208 3497 die
1248 3460 1283 3497 a
1322 3439 1574 3515 quodam
1619 3438 1802 3495 milite
1843 3437 2226 3513 conspicitur:
2253 3438 2332 3493 35

240 3533 475 3608 dempta
502 3530 575 3589 ad
602 3532 943 3590 Ciceronem
988 3529 1261 3587 defertur.
1345 3528 1456 3587 Ille
1502 3527 1818 3603 perlectam
1846 3527 1908 3583 in
1941 3530 2230 3583 conventu

242 3622 499 3679 militum
547 3608 771 3689 recitat,
822 3620 1189 3694 maximaque
1244 3636 1446 3675 omnes
1500 3615 1718 3673 laetitia
1773 3614 1972 3673 afficit.
2073 3612 2233 3670 Tum

246 3711 391 3770 fumi
441 3710 839 3767 incendiorum
876 3709 1077 3785 procul
1104 3708 1482 3766 videbantur:
1537 3724 1690 3781 quae
1731 3722 1825 3763 res
1865 3722 2096 3762 omnem
2131 3702 2232 3759 du-

236 3800 583 3879 bitationem
614 3798 899 3879 adventus
926 3798 1220 3875 legionum
1248 3795 1494 3871 expulit.
1575 3813 1579 3818 ·
