2709 4300
410 265 497 326 02
1116 275 1205 324 na
1242 273 1452 322 mm
1479 272 1766 320 Gannico
2189 269 2330 324 [cu.
2347 273 2496 315 ³1-ae.

596 411 815 472 XXXI.
860 411 1081 490 Itaque,
1110 421 1313 472 rurs·
1338 411 1732 487 conjuratione
1761 407 1934 477 sacta,
1963 407 2248 484 paulatim
2267 423 2346 464 ex
2373 425 2500 464 cas·

514 503 619 560 tris
664 501 979 570 discedere,
1024 519 1095 558 ac
1135 521 1269 558 suos
1312 501 1466 558 clam
1511 518 1584 556 ex
1629 499 1786 574 agris
1827 497 2116 554 deducere
2159 503 2502 571 coeperunt.

516 591 601 649 At
624 589 863 660 Caesar,
892 591 999 648 etsi
1026 590 1281 647 nondum
1308 607 1512 646 eorum
1551 588 1792 646 consilia
1819 594 2186 662 cognoverat,
2215 594 2418 642 tamen
2445 591 2504 640 et

514 699 585 736 ex
616 689 827 736 eventu
856 680 1089 736 navium
1118 695 1380 745 suarum,
1409 687 1466 734 et
1493 695 1566 734 ex
1593 695 1679 745 e0,
1707 675 1860 750 quod
1887 672 2114 732 obsides
2153 674 2296 730 dare
2325 674 2502 728 inter·

452 769 490 822 5
516 769 808 836 miserant,
834 765 952 824 sore
974 766 1029 822 id
1052 765 1201 842 quod
1224 765 1434 824 accidit
1461 765 1882 840 suspicabatur.
1965 762 2168 838 Itaque
2197 762 2270 820 ad
2299 779 2504 818 omnes

514 875 689 914 casus
716 855 973 914 subsidia
1000 854 1404 930 comparabat:
1447 871 1582 910 nam
1605 863 1662 910 et
1685 852 2040 910 frumentum
2067 870 2142 908 ex
2171 851 2334 927 agris
2359 869 2502 925 quo-

515 945 653 1002 tidie
680 943 741 1000 in
768 953 959 1000 castra
998 941 1345 1011 conferebat,
1375 951 1450 1011 et,
1493 961 1644 1017 quae
1681 942 2024 1017 gravissime
2053 940 2305 998 afflictae
2333 947 2505 996 erant

514 1049 925 1102 naves,earum
976 1031 1219 1088 materia
1248 1040 1424 1106 atque
1451 1049 1586 1088 aere
1617 1029 1690 1086 ad
1721 1029 1976 1105 reliquas
2003 1028 2350 1088 reficiendas
2377 1037 2501 1084 ute·

518 1119 704 1189 batur,
734 1130 792 1177 et
818 1137 969 1195 quae
996 1119 1067 1176 ad
1090 1139 1191 1176 eas
1218 1137 1311 1176 res
1338 1129 1504 1176 erant
1533 1120 1682 1188 usui,
1711 1137 1786 1176 ex
1813 1119 2124 1176 continenti
2151 1115 2504 1192 comportari

418 1211 491 1267 10
512 1209 771 1284 jubebat.
854 1208 1073 1284 Itaque,
1102 1225 1285 1284 quum
1306 1207 1365 1264 id
1391 1225 1617 1265 summo
1643 1207 1830 1265 studio
1859 1226 1894 1264 a
1921 1206 2200 1264 militibus
2227 1205 2502 1262 adminis-

517 1306 785 1365 traretur,
814 1295 1117 1355 duodecim
1144 1296 1392 1354 navibus
1419 1297 1664 1366 amissiS,
1689 1296 1930 1372 reliquis
1959 1307 2021 1354 ut
2047 1296 2318 1372 navigari
2345 1311 2502 1352 com-

520 1385 683 1444 mode
712 1396 913 1461 posset,
942 1385 1153 1443 effecit.

600 1473 849 1534 XXXII.
893 1473 1051 1532 Dum
1092 1491 1163 1532 ea
1206 1484 1510 1552 geruntur,
1541 1473 1766 1550 legione
1803 1492 1874 1530 ex
1919 1473 2338 1532 consuetudine
2385 1491 2506 1530 una

522 1563 933 1622 frumentatum
961 1565 1153 1631 missa,
1182 1582 1333 1638 quae
1365 1563 1762 1639 appellabatur
1779 1564 2046 1638 septima,
2069 1581 2258 1637 neque
2283 1561 2408 1618 ulla
2429 1560 2504 1618 ad

422 1659 495 1714 15
522 1653 577 1710 id
608 1664 832 1728 ternpus
874 1651 1009 1709 belli
1050 1653 1376 1728 suspicione
1423 1653 1770 1728 interposita,
1809 1670 1992 1728 quum
2021 1669 2156 1727 pars
2201 1651 2502 1708 hominum

520 1743 581 1800 in
610 1742 766 1818 agris
794 1751 1133 1809 remaneret,
1165 1757 1299 1816 pars
1326 1741 1502 1798 etiam
1531 1741 1590 1796 in
1621 1750 1812 1798 castra
1841 1740 2166 1809 ventitaret,
2188 1740 2246 1808 ii,
2265 1740 2369 1814 qui
2399 1757 2502 1814 pro

522 1831 696 1904 portis
740 1839 1061 1886 castrorum
1104 1829 1163 1886 in
1208 1829 1446 1886 statione
1493 1839 1672 1898 erant,
1701 1828 1942 1886 Caesari
1987 1828 2500 1897 renunciaverunt,

520 1918 821 1992 pulverem
876 1918 1171 1992 majorem,
1222 1935 1398 1993 quam
1453 1917 1806 1975 consuetudo
1857 1915 2050 1986 ferret,
2107 1918 2166 1974 in
2217 1935 2290 1975 ea
2339 1927 2502 1992 parte

522 2003 723 2074 videri,
752 2025 929 2080 quam
958 2007 1017 2062 in
1059 2016 1281 2082 partem
1326 2005 1480 2084 legio
1521 2007 1631 2064 iter
1661 2004 1910 2064 fecisset.
1993 2006 2230 2074 Caesar,
2261 2005 2320 2062 id
2349 2005 2502 2082 quod

414 2096 495 2153 20
522 2103 661 2163 erat,
692 2095 1034 2170 suspicatuS,
1080 2095 1301 2171 aliquid
1340 2095 1474 2153 novi
1517 2115 1550 2152 a
1593 2095 1856 2153 barbaris
1895 2095 2102 2153 initum
2131 2094 2380 2167 consilii,
2409 2115 2500 2153 co-

520 2182 727 2251 hortes,
756 2201 905 2259 quae
934 2184 995 2240 in
1020 2185 1360 2241 stationibus
1395 2194 1575 2254 erant,
1605 2204 1808 2242 secum
1847 2186 1908 2241 in
1949 2202 2080 2242 eam
2111 2194 2334 2260 partem
2378 2204 2500 2261 pro-

520 2270 721 2341 ficisci,
776 2272 923 2329 duas
974 2290 1049 2329 ex
1105 2273 1344 2349 reliquis
1393 2274 1453 2329 in
1499 2274 1803 2331 stationem
1857 2274 2190 2344 succedere,
2244 2274 2505 2350 reliquas

522 2361 751 2430 armari,
781 2371 837 2420 et
864 2360 1165 2419 confestim
1206 2381 1333 2419 sese
1356 2362 1636 2437 subsequi
1669 2363 1862 2437 jussit.
1945 2362 2147 2427 Quum
2176 2364 2354 2438 paulo
2381 2364 2502 2420 lon-

518 2452 651 2527 gius
668 2470 703 2507 a
724 2451 928 2507 castris
949 2451 1336 2525 processisset,
1367 2470 1502 2507 suos
1523 2452 1596 2507 ab
1615 2452 1868 2507 hostibus
1897 2452 2098 2528 premi,
2119 2461 2294 2527 atque
2325 2472 2505 2529 aegre

414 2546 493 2599 25
519 2540 821 2609 sustinere,
840 2548 897 2599 et
922 2537 1184 2596 conferta
1205 2539 1430 2614 legione
1451 2559 1524 2597 ex
1551 2540 1816 2597 omnibus
1843 2541 2106 2617 partibus
2121 2541 2242 2597 tela
2269 2544 2503 2617 conjici,

520 2626 941 2685 animadvertit.
1022 2626 1181 2684 Nam
1208 2628 1378 2705 quod,
1401 2628 1556 2685 omni
1584 2648 1657 2685 ex
1685 2629 1925 2704 reliquis
1955 2629 2212 2705 partibus
2240 2630 2508 2688 demesso

520 2713 823 2785 frumento,
854 2734 989 2791 pars
1016 2734 1133 2773 una
1158 2725 1284 2773 erat
1324 2702 1567 2792 reliqua,
1598 2717 1872 2793 suspicati
1901 2719 2106 2787 hostes,
2135 2719 2254 2777 huc
2280 2729 2508 2777 nostros

520 2822 645 2861 esse
674 2814 963 2875 venturos,
994 2815 1166 2863 noctu
1196 2806 1255 2861 in
1292 2805 1456 2863 silvis
1496 2805 1876 2863 delituerant:
1919 2816 2042 2863 tum
2069 2806 2374 2882 dispersos,
2407 2808 2505 2865 de-

520 2893 712 2967 positis
761 2894 955 2963 armiS,
1011 2894 1073 2949 in
1128 2893 1392 2951 metendo
1447 2903 1756 2969 occupatos
1801 2895 1990 2952 subito
2045 2896 2246 2965 adorti,
2297 2898 2508 2971 paucis

416 2991 493 3045 30
520 2980 851 3051 interfectis,
882 2981 1131 3057 reliquos
1160 2982 1396 3039 incertis
1435 2983 1729 3039 ordinibus
1771 2984 2284 3059 perturbaverant:
2323 2986 2504 3043 simul

518 3070 779 3145 equitatu
808 3080 978 3145 atque
1006 3069 1221 3127 essedis
1248 3070 1770 3128 circumdederant.

602 3156 877 3217 XXXIII.
938 3158 1141 3215 Genus
1188 3159 1295 3215 hoc
1342 3168 1430 3217 est
1479 3178 1550 3216 ex
1597 3161 1812 3217 essedis
1859 3179 2122 3237 pugnae:
2167 3162 2352 3237 primo
2402 3182 2510 3239 per

518 3266 716 3305 omnes
744 3258 934 3323 partes
960 3247 1341 3324 perequitant,
1365 3258 1422 3304 et
1440 3248 1554 3305 tela
1582 3250 1914 3323 conjiciunt,
1938 3259 2110 3325 atque
2132 3251 2253 3325 ipso
2281 3261 2508 3311 terrore

519 3352 799 3409 equorum
828 3346 883 3393 et
911 3336 1151 3411 strepitu
1194 3345 1448 3392 rotarum
1475 3336 1706 3393 ordines
1737 3338 2074 3413 plerumque
2118 3340 2456 3414 perturbant
2483 3362 2502 3414 3

414 3433 491 3487 35
520 3431 577 3479 et
617 3440 797 3495 quum
840 3442 903 3479 se
943 3423 1090 3481 inter
1126 3424 1388 3499 equitum
1429 3434 1648 3481 turmas
1685 3418 2122 3495 insinuaverint,
2165 3446 2238 3483 ex
2286 3430 2507 3489 essedis

518 3508 807 3576 desiliunt,
838 3518 895 3566 et
922 3510 1159 3584 pedibus
1188 3513 1560 3587 proeliantur.
1645 3514 1910 3590 Aurigae
1953 3514 2183 3571 interim
2220 3516 2505 3592 paulatim

518 3616 590 3654 ex
619 3596 835 3672 proelio
874 3596 1179 3669 excedunt,
1209 3610 1382 3676 atque
1427 3602 1508 3658 ita
1542 3620 1752 3659 currus
1796 3602 2099 3671 collocant,
2131 3614 2212 3673 ut,
2244 3605 2294 3661 si
2335 3606 2426 3663 illi
2467 3626 2508 3665 a

517 3684 883 3741 multitudine
913 3685 1157 3741 hostium
1186 3700 1538 3760 premantur,
1569 3690 1900 3765 expeditum
1931 3689 2002 3746 ad
2031 3708 2167 3747 suos
2201 3703 2506 3769 receptum

518 3772 789 3825 habeant.
808 3852 821 3859 -
874 3770 959 3827 Ita
1002 3772 1374 3831 mobilitatem
1414 3778 1693 3851 equitum,
1725 3777 2097 3835 stabilitatem
2139 3779 2400 3855 peditum
2441 3784 2506 3841 in
