2709 4300
217 261 364 308 ,cm
384 260 540 316 9,10.]
855 235 870 244 “
1055 257 1247 305 „unna
1287 258 1531 306 ramus
2259 247 2337 306 17

239 398 388 468 dies,
419 415 596 473 quam
637 396 1012 456 constituerat
1051 415 1184 454 cum
1227 397 1454 473 legatiS,
1486 396 1659 466 venit,
1690 406 1747 453 et
1775 394 1953 472 legati
1994 395 2066 454 ad
2096 413 2233 454 eum

241 497 626 558 reverterunt,
659 497 848 563 negat,
879 486 956 543 Se
985 505 1142 544 more
1183 495 1242 544 et
1269 487 1533 563 exemplo
1560 486 1764 562 Populi
1794 485 2041 544 Romani
2069 503 2233 561 posse

240 577 360 634 iter
401 577 507 634 ulli
549 594 651 653 per
688 575 1052 633 Provinciam
1097 575 1274 647 dare;
1319 585 1394 645 et,
1438 577 1487 633 si
1529 577 1647 632 vim
1694 574 1887 632 facere
1932 583 2231 642 conentur,

241 667 668 743 prohibiturum
683 665 968 744 ostendit!
998 665 1272 735 Helvetii,
1291 685 1363 722 ea
1380 685 1479 742 spe
1502 665 1729 740 dejecti,
1754 664 2001 722 navibus
2015 664 2235 739 junctis

243 758 586 832 ratibusque
615 756 1008 832 compluribus
1037 755 1224 826 factiS,
1245 757 1346 814 alii
1368 757 1529 814 vadis
1552 755 1834 824 Rhodani,
1856 774 1975 832 qua
1996 755 2237 812 minima
2258 759 2299 814 5

241 846 486 904 altitudo
514 847 768 904 fluminis
796 855 942 916 erat,
971 845 1387 922 nonnunquam
1415 847 1681 916 interdiu,
1700 847 1933 922 saepius
1961 855 2153 914 noctu,
2184 846 2234 902 si

243 953 622 1012 perrumpere
652 945 896 1012 possent,
927 936 1134 1004 conati,
1164 937 1352 1013 operis
1380 937 1697 1000 munitione
1738 945 1796 993 et
1822 935 2073 992 militum
2100 951 2233 992 con-

241 1043 428 1082 cursu
457 1035 516 1082 et
541 1026 674 1088 telis
701 1026 936 1100 repulsi,
967 1025 1076 1082 hoc
1103 1036 1314 1085 conatu
1343 1026 1703 1085 destiterunt.

327 1115 435 1172 IX.
481 1113 944 1190 Relinquebatur
985 1133 1102 1172 una
1138 1135 1242 1191 per
1267 1115 1571 1193 Sequanos
1612 1117 1725 1186 via,
1766 1133 1903 1190 qua,
1946 1114 2235 1191 Sequanis

242 1205 462 1274 invitis,
505 1214 733 1281 propter
761 1205 1058 1280 angustias
1101 1205 1187 1262 ire
1230 1225 1344 1263 non
1389 1215 1667 1281 poterant.
1754 1204 1865 1262 His
1908 1222 2089 1278 quum
2126 1221 2235 1260 sua
2265 1203 2339 1256 10

244 1303 450 1370 sponte
506 1294 856 1370 persuadere
912 1312 1025 1352 non
1095 1305 1342 1371 possent,
1401 1295 1620 1372 legatos
1688 1293 1760 1350 ad
1815 1293 2235 1368 Dumnorigem

246 1383 528 1442 Aeduum
557 1385 806 1454 mittunt,
838 1393 917 1453 ut,
948 1403 1017 1440 eo
1045 1383 1435 1458 deprecatore,
1466 1403 1499 1441 a
1528 1384 1815 1458 Sequanis
1840 1384 2231 1458 impetrarent.

246 1472 576 1531 Dumnorix
637 1474 833 1548 gratia
879 1484 938 1531 et
991 1473 1298 1550 largitione
1355 1472 1505 1548 apud
1563 1473 1862 1546 Sequanos
1921 1472 2237 1546 plurimum

245 1573 488 1640 poterat,
517 1573 574 1621 et
602 1563 888 1620 Helvetiis
921 1574 1048 1622 erat
1076 1565 1318 1632 amicuS,
1341 1562 1495 1638 quod
1523 1581 1595 1620 ex
1624 1581 1695 1618 ea
1723 1562 1956 1620 civitate
1996 1559 2237 1637 Orgeto-

245 1645 394 1730 rigis
447 1653 626 1710 filiam
675 1654 735 1710 in
785 1655 1214 1710 matrimonium
1263 1652 1525 1722 duxerat,
1583 1661 1657 1720 et,
1706 1651 2017 1728 cupiditate
2074 1650 2239 1726 regni
2267 1652 2341 1706 15

247 1743 554 1812 adductuS,
583 1745 747 1800 novis
790 1745 963 1800 rebus
1007 1743 1288 1812 studebat,
1329 1752 1386 1800 et
1429 1761 1604 1818 quam
1653 1741 1935 1816 plurimas
1976 1740 2239 1798 civitates

246 1853 356 1892 suo
409 1834 520 1891 sibi
575 1834 854 1890 beneficio
909 1834 1124 1890 habere
1173 1834 1476 1890 obstrictas
1524 1832 1769 1890 volebat.
1854 1829 2055 1907 Itaque
2112 1847 2236 1887 rem

247 1923 508 1999 suscipit,
547 1934 604 1980 et
646 1942 682 1980 a
709 1923 996 2002 Sequanis
1036 1924 1321 1999 impetrat,
1355 1932 1417 1978 ut
1456 1940 1559 1997 per
1588 1921 1732 1978 fines
1772 1941 1905 1978 suos
1933 1919 2235 1978 Helvetios

247 2014 338 2070 ire
369 2013 676 2089 patiantur,
695 2012 1034 2088 obsidesque
1055 2013 1137 2070 uti
1154 2013 1303 2069 inter
1331 2031 1459 2069 sese
1488 2011 1638 2082 dent,
1660 2011 1915 2088 perficit:
1960 2009 2237 2086 Sequani,

247 2121 326 2175 ne
368 2103 570 2160 itinere
606 2101 906 2161 Helvetios
948 2103 1320 2179 prohibeant,
1367 2102 1641 2173 Helvetii,
1687 2111 1751 2159 ut
1790 2101 1915 2159 sine
1952 2099 2240 2159 maleficio
2266 2103 2345 2159 20

247 2202 309 2249 et
339 2192 552 2267 injuria
579 2201 894 2249 transeant.
1157 2268 1164 2273 .

335 2280 408 2339 Χ.
453 2282 693 2339 Caesari
723 2283 1116 2351 renunciatur,
1137 2281 1423 2341 Helvetiis
1451 2302 1577 2341 esse
1606 2283 1667 2339 in
1697 2282 1886 2339 animo
1914 2299 2015 2357 per
2034 2299 2239 2357 agrum

247 2372 657 2447 Sequanorum
685 2380 743 2427 et
771 2371 1112 2429 Aeduorum
1140 2374 1250 2429 iter
1277 2374 1338 2429 in
1366 2372 1686 2430 Santonum
1724 2372 1870 2427 fines
1898 2369 2109 2438 facere,
2138 2370 2241 2444 qui

249 2481 366 2519 non
403 2461 574 2538 longe
619 2481 655 2518 a
699 2461 1057 2521 Tolosatium
1103 2464 1314 2521 finibus
1360 2464 1585 2532 absunt,
1628 2481 1779 2537 quae
1824 2460 2027 2519 civitas
2068 2470 2153 2517 est
2181 2460 2242 2517 in

251 2552 581 2609 Provincia.
665 2550 730 2609 Id
771 2552 821 2609 si
865 2552 1050 2623 fieret,
1079 2553 1439 2629 intelligebat
1483 2571 1695 2629 magno
1734 2570 1870 2609 cum
1901 2550 2241 2607 Provinciae
2269 2554 2346 2607 25
2390 2592 2397 2596 -

251 2642 516 2721 periculo
546 2641 824 2713 futurum,
856 2652 918 2701 ut
959 2645 1218 2701 homines
1261 2644 1580 2714 bellicosos,
1613 2643 1817 2719 Populi
1846 2642 2095 2699 Romani
2136 2642 2241 2697 ini-

253 2735 455 2803 micOS,
512 2732 656 2790 locis
709 2734 1034 2810 patentibus
1091 2734 1459 2808 maximeque
1517 2732 1911 2789 frumentariis
1972 2730 2245 2787 finitimos

253 2822 516 2881 haberet.
602 2822 694 2880 Ob
721 2842 822 2881 eas
848 2842 1060 2881 causas
1086 2824 1141 2881 ei
1183 2822 1507 2892 munitioni,
1534 2840 1713 2896 quam
1754 2819 1989 2889 fecerat,
2021 2819 2095 2876 T.
2128 2818 2241 2877 La-

255 2913 492 2969 bienum
519 2912 777 2989 legatum
807 2911 1121 2989 praefecit:
1165 2914 1288 2989 ipse
1328 2913 1389 2969 in
1417 2911 1645 2970 Italiam
1674 2912 1903 2989 magnis
1940 2909 2243 2967 itineribus

255 3002 564 3072 contendit,
583 3002 842 3077 duasque
870 3003 950 3060 ibi
979 3002 1236 3079 legiones
1257 3002 1586 3073 conscribit,
1607 3011 1663 3060 et
1684 3012 1817 3072 tres,
1837 3019 1988 3077 quae
2017 3001 2241 3057 circum
2270 3000 2347 3055 30
2418 3062 2420 3065 Α

258 3090 597 3167 Aquileiam
624 3091 974 3161 hiemabant,
1013 3111 1087 3149 ex
1127 3092 1385 3151 hibernis
1413 3092 1626 3162 educit,
1655 3102 1730 3162 et,
1759 3110 1877 3167 qua
1918 3091 2241 3167 proximum

256 3183 368 3239 iter
394 3183 455 3238 in
486 3181 818 3243 ulteriorem
845 3180 1103 3239 Galliam
1145 3200 1249 3258 per
1278 3181 1464 3259 Alpes
1504 3192 1647 3252 erat,
1676 3200 1813 3239 cum
1856 3181 1945 3238 his
1986 3181 2241 3255 quinque

256 3272 584 3349 legionibus
625 3271 711 3328 ire
756 3271 1064 3329 contendit.
1149 3271 1236 3329 Ibi
1277 3271 1593 3350 Ceutrones
1631 3280 1688 3329 et
1730 3269 2023 3327 Graioceli
2052 3278 2109 3326 et
2134 3268 2243 3325 Ca-

257 3362 497 3437 turigeS,
529 3360 670 3417 locis
713 3362 1106 3437 superioribus
1147 3362 1465 3439 occupatiS,
1508 3361 1713 3418 itinere
1758 3360 2079 3417 exercitum
2122 3377 2243 3435 pro-

258 3452 458 3509 hibere
486 3460 788 3509 conantur.
872 3451 1277 3529 Compluribus
1317 3452 1407 3508 his
1437 3450 1675 3527 proeliis
1716 3448 1913 3526 pulsiS,
1945 3449 2018 3507 ab
2046 3448 2245 3519 Ocelo3
2274 3450 2351 3505 35

259 3540 411 3619 quod
439 3550 524 3597 est
553 3542 836 3599 citerioris
853 3541 1192 3599 Provinciae
1220 3551 1564 3623 extremum,
1583 3540 1644 3597 in
1672 3538 1817 3596 fines
1838 3538 2247 3597 Vocontiorum

262 3631 553 3688 ulterioris
595 3630 936 3689 Provinciae
966 3631 1058 3688 die
1101 3617 1342 3707 septimo
1384 3630 1677 3706 pervenit:
1720 3628 1853 3689 inde
1894 3629 1955 3684 in
1983 3626 2247 3685 Allobro·
2291 3678 2295 3683 ,

259 3739 403 3797 gum
433 3720 596 3791 fines,
626 3720 700 3777 ab
744 3720 1157 3796 Allobrogibus
1199 3720 1260 3776 in
1301 3719 1653 3797 Segusiauos
1701 3720 2021 3777 exercitum
2066 3717 2246 3775 ducit.

263 3807 344 3867 Hi
373 3818 508 3869 sunt
529 3820 694 3868 extra
723 3810 1090 3869 Provinciam
1111 3818 1270 3867 trans
1299 3808 1649 3868 Rhodanum
1679 3810 1869 3886 primi.

1223 3903 1291 3959 2*
