2709 4300
223 329 350 376 cu».
371 327 540 382 1⁵-1r.1
573 349 582 358 ‚
1007 327 1199 375 LIBER
1225 327 1555 382 QUAR‘HJS.
1970 339 1980 347 ·
2246 317 2327 374 ’75

315 465 453 524 XV.
499 465 798 535 Germani,
841 475 964 543 post
1012 476 1242 544 tergum
1297 467 1553 524 clamore
1610 467 1819 536 audit0,
1862 485 2045 542 quum
2085 485 2221 526 suos

225 557 485 613 interfici
507 555 784 625 viderent,
805 557 980 612 armis
1009 557 1266 630 abjectis,
1285 558 1579 633 signisque
1608 557 1955 614 militaribus
1980 543 2218 627 felictis,

225 665 296 702 se
339 663 412 702 ex
455 646 662 702 castris
701 645 1000 720 ejecerunt
1019 663 1035 716 ;
1081 655 1156 714 et,
1187 665 1369 721 quum
1398 645 1471 702 ad
1510 647 1895 704 confluentem
1938 645 2137 704 Mosae
2163 657 2221 704 et

227 733 431 791 Rheni
457 735 871 810 perimissent,
897 735 1123 809 reliqua
1145 734 1284 810 fuga
1305 735 1624 810 desperata,
1646 753 1857 811 magno
1878 753 2119 792 numero
2136 736 2219 792 in-

225 823 492 892 ter-fectu,
508 823 718 898 reliqui
733 843 796 880 se
813 824 872 880 in
891 824 1106 882 flumen
1126 825 1684 899 praecipitaverunt3
1712 835 1883 900 atque
1902 825 1979 882 ibi
1996 826 2217 896 timore,
2244 827 2285 880 5

226 912 592 982 lassitudine,
622 913 680 969 vi
706 913 966 969 fluminis
1005 914 1262 989 oppressi
1301 914 1617 988 perierunt.
1702 913 1901 972 Nostri
1932 913 2003 970 ad
2035 933 2219 971 unum

223 1021 432 1060 omnes
459 1001 800 1072 incolumes,
830 1003 1136 1078 perpaucis
1164 1003 1501 1072 vulneratiS,
1532 1021 1605 1059 ex
1632 1003 1775 1061 tanti
1815 1003 1951 1060 belli
1994 1005 2217 1072 timore,

223 1108 418 1168 quum
457 1079 707 1148 hostium
747 1109 1026 1148 numerus
1069 1092 1323 1167 capitum
1367 1109 1562 1149 cnxxx
1608 1092 1853 1150 millium
1898 1091 2115 1161 fuisset,
2158 1111 2221 1150 se

223 1183 292 1238 in
322 1189 514 1238 castra
543 1190 908 1256 receperunt.
958 1190 971 1200 “
991 1180 1210 1237 Caesar
1251 1181 1359 1250 his,
1388 1201 1533 1256 quos
1560 1182 1620 1237 in
1650 1182 1855 1239 castris
1884 1182 2217 1251 retinuerat,

223 1269 564 1329 discedendi
593 1278 924 1346 potestatem
953 1269 1088 1328 tecit
1111 1289 1124 1326 τ
1155 1271 1240 1327 illi
1269 1271 1556 1347 supplicia
1584 1271 1995 1346 cruciatusque
2024 1271 2219 1328 Gallo-
2250 1271 2325 1328 10

227 1379 367 1416 rum
395 1359 582 1429 veriti,
611 1377 856 1434 quorum
886 1377 1054 1435 agros
1082 1367 1453 1429 vexaverant,
1484 1377 1785 1416 remanere
1812 1379 1875 1416 se
1905 1360 2056 1436 apud
2084 1379 2220 1418 eum

223 1449 386 1506 velle
415 1448 702 1505 dixerunt.
788 1447 898 1506 His
923 1448 1144 1505 Caesar
1171 1449 1495 1505 libertatem
1524 1447 1825 1505 concessit.

314 1537 480 1596 XVI.
527 1537 877 1594 Germanico
921 1537 1074 1594 bello
1117 1535 1398 1604 confectO,
1430 1535 1627 1593 multis
1654 1535 1725 1592 de
1766 1538 1961 1593 causis
2002 1537 2223 1594 Caesar

227 1629 450 1696 statuit,
501 1627 610 1684 sibi
658 1625 929 1683 Rhenum
979 1646 1106 1683 esse
1152 1625 1607 1682 transeundum:
1664 1643 1911 1699 quarum
1962 1626 2065 1683 illa
2096 1625 2221 1706 ,fuit

235 1717 578 1792 justissima,
608 1715 776 1791 quod,
807 1735 990 1791 quum
1017 1715 1239 1772 videret
1271 1714 1599 1772 Germanos
1634 1724 1754 1772 tam
1800 1713 1973 1772 facile
2002 1717 2221 1792 impelli
2252 1717 2325 1772 15

231 1816 298 1864 ut
327 1807 388 1862 in
419 1805 673 1863 Galliam
703 1807 984 1874 venirent,
1015 1807 1136 1863 suis
1177 1823 1407 1881 quoque
1450 1805 1625 1862 rebus
1664 1825 1761 1862 eos
1788 1805 1993 1864 timere
2022 1805 2219 1876 voluit,

229 1913 419 1972 quum
446 1895 850 1972 intelligerent,
881 1905 938 1952 et
968 1913 1130 1970 posse
1159 1905 1216 1952 et
1249 1893 1463 1951 audere
1492 1893 1695 1970 Populi
1724 1893 1971 1952 Romani
2001 1897 2220 1953 exerci-

229 1993 361 2042 tum
404 1983 674 2040 Rhenum
717 1985 983 2041 transire.
1071 1984 1339 2041 Accessit
1367 1985 1560 2053 etiam,
1591 1985 1741 2060 quod
1770 1985 1872 2042 illa
1900 2004 2033 2062 pars
2063 1987 2219 2062 equi-

229 2083 389 2132 tatus
417 2073 720 2150 Usipetum
749 2083 806 2130 et
834 2072 1352 2143 Tenchtherorum‚
1374 2091 1547 2148 quam
1572 2092 1749 2151 supra
1776 2076 2221 2132 commemoravi

231 2163 551 2241 praedandi
607 2162 1106 2239 frumentandique
1168 2182 1348 2221 causa
1405 2162 1629 2221 Mosam
1684 2166 1973 2235 transisse,
2030 2184 2219 2243 neque
2244 2166 2327 2221 20

233 2253 454 2330 proelio
483 2251 832 2321 interfuisse,
864 2262 988 2328 post
1017 2251 1216 2329 fugam
1251 2272 1487 2310 suorum
1532 2272 1595 2310 se
1639 2263 1799 2310 trans
1844 2252 2113 2311 Rhenum
2162 2258 2221 2311 in

231 2344 384 2400 fines
432 2342 869 2417 Sigambrorum
911 2352 1225 2417 receperat,
1277 2360 1453 2417 seque
1510 2360 1646 2399 cum
1700 2342 1771 2398 iis
1820 2342 2218 2416 conjunxerat.

224 2430 339 2489 Ad
367 2450 510 2506 quos
538 2450 718 2507 quum
747 2430 966 2488 Caesar
992 2432 1236 2488 nuncios
1266 2432 1529 2498 misisset,
1560 2431 1659 2505 qui
1690 2428 2059 2505 postularent,
2085 2430 2221 2499 an,

233 2512 476 2597 quisibi
506 2520 852 2595 Galliaeque
895 2518 1113 2577 bellum
1155 2520 1500 2587 intulissent,
1532 2518 1640 2576 sibi
1674 2517 1962 2587 dederent,
1994 2536 2221 2595 respon-

233 2611 482 2667 derunt:
539 2608 744 2685 Populi
794 2609 1041 2666 Romani
1097 2608 1405 2684 imperium
1464 2608 1734 2664 Rhenum
1790 2608 1991 2664 finire:
2048 2609 2115 2677 si,
2160 2628 2221 2666 se
2246 2612 2327 2665 25

233 2700 434 2768 invite,
457 2698 780 2756 Germanos
797 2700 853 2754 in
881 2698 1133 2755 Galliam
1157 2698 1421 2766 transire,
1442 2715 1551 2752 non
1579 2714 1830 2771 aequum
1852 2697 2221 2767 existimaret,

233 2808 348 2847 cur
377 2789 468 2845 sui
495 2788 808 2864 quidquam
837 2808 962 2845 esse
1005 2785 1232 2863 imperii
1275 2796 1377 2842 aut
1420 2786 1709 2861 potestatis
1754 2795 1913 2842 trans
1954 2784 2225 2842 Rhenum

235 2877 601 2955 postularet?
704 2876 841 2935 Ubii
902 2886 1113 2945 autem,
1171 2875 1271 2951 qui
1328 2874 1430 2930 uni
1486 2892 1557 2930 ex
1615 2872 2081 2931 Transrhenanis
2150 2875 2223 2931 ad

233 2968 551 3025 Caesarem
581 2966 800 3043 legatos
829 2968 1120 3033 miserant,
1153 2964 1469 3021 amicitiam
1500 2962 1775 3033 fecerant,
1806 2962 2029 3021 obsides
2058 2964 2223 3021 dede-

237 3066 386 3125 rant,
443 3074 790 3133 magnopere
847 3055 1102 3124 orabant,
1160 3054 1240 3112 Ut
1293 3054 1403 3111 sibi
1473 3054 1759 3111 auxilium
1826 3053 2018 3123 ferret,
2076 3052 2225 3128 quod
2253 3057 2329 3112 30

237 3145 496 3223 graviter
524 3146 597 3202 ab
619 3145 830 3202 Suevis
858 3155 1294 3221 premerentur;
1327 3144 1441 3213 vel,
1466 3144 1515 3201 si
1538 3143 1593 3200 id
1624 3142 1819 3201 facere
1839 3143 2226 3219 occupationi-

239 3236 350 3293 bus
378 3235 758 3311 Reipublicae
778 3234 1191 3310 prohiberetur,
1212 3234 1534 3291 exercitum
1556 3233 1722 3289 modo
1744 3232 2015 3289 Rhenum
2044 3242 2223 3291 trans-

237 3334 528 3402 portaret:
571 3324 629 3381 id
657 3324 766 3381 sibi
795 3323 868 3380 ad
898 3324 1182 3380 auxilium
1225 3341 1502 3399 spemque
1547 3322 1756 3397 reliqui
1791 3322 2064 3397 temporis
2089 3322 2229 3379 satis

239 3414 538 3471 futurum:
567 3423 790 3472 tantum
819 3432 944 3469 esse
973 3430 1181 3469 nomen
1211 3424 1384 3487 atque
1407 3412 1728 3487 opinionem
1759 3410 1888 3486 ejus
1916 3412 2223 3480 exercituS,

240 3504 536 3561 Ariovisto
553 3500 736 3579 puls0,
757 3512 814 3559 et
831 3503 937 3559 hoc
959 3502 1268 3559 novissimo
1285 3500 1499 3576 proelio
1519 3499 1685 3569 facto,
1706 3500 1880 3556 etiam
1904 3499 1973 3555 ad
1994 3500 2225 3557 ultimas
2252 3504 2328 3557 35

241 3594 670 3651 Germanorum
697 3593 974 3661 nationes»,
995 3591 1079 3649 uti
1101 3591 1365 3666 opinione
1388 3599 1445 3647 et
1468 3589 1722 3645 amicitia
1744 3586 1949 3663 Populi
1978 3588 2226 3646 Romani

237 3683 350 3743 tuti
393 3701 522 3739 esse
565 3682 797 3758 possint.
883 3681 1144 3739 Navium
1185 3696 1458 3755 magnam
1487 3677 1710 3753 copiam
1740 3676 1811 3735 ad
1840 3680 2261 3755 transportem·

239 3771 382 3831 dum
410 3772 734 3829 exercitum
761 3770 1204 3849 pollicebantur.

323 3858 517 3919 XVII.
561 3860 782 3921 Caesar
809 3860 899 3919 his
927 3858 998 3918 de
1024 3858 1240 3931 causis,
1271 3876 1419 3935 quas
1458 3856 1923 3929 commemoravi,
1953 3856 2227 3920 Rhenum
