2709 4300
252 278 563 334 cmm-121
1014 279 1207 334 um
1240 281 1574 334 summus,
2221 273 2334 334 161

250 415 631 493 legionesque
677 435 781 492 pro
824 417 1035 476 eastris
1082 419 1396 488 constituit,
1423 437 1498 478 ne
1525 439 1642 495 qua
1679 420 1870 478 subito
1897 421 2138 498 irruptio
2165 419 2240 478 ab

250 505 502 564 hostium
558 505 813 582 peditatu
866 506 990 566 fiat.
1076 506 1370 576 Praesidio
1423 509 1718 586 legionum
1773 509 1980 578 addito,
2029 510 2242 568 nostris

252 596 485 652 animus
512 604 799 672 augetur:
843 596 1053 664 hostes,
1082 597 1143 652 in
1189 595 1388 673 fugam
1427 599 1692 674 conjecti,
1721 617 1787 656 se
1825 599 1932 676 ipsi
1978 599 2237 658 multitu·

250 683 387 740 dine
406 684 745 760 impediunt,
768 695 943 760 atque
960 687 1392 762 angustioribus
1413 688 1591 763 portis
1609 688 1830 746 relictis
1849 699 2236 746 coarctantur.

252 773 414 830 Tum
442 773 721 830 Germani
750 775 1167 860 aeriuffiusque
1206 775 1279 832 ad
1321 777 1668 834 munitiones
1711 787 2056 852 sequuntur.
2141 777 2238 836 Fit
2261 783 2302 838 5

251 881 466 940 magna
508 863 741 922 caedes.
822 863 1131 933 Nonnulli5
1160 864 1382 925 relictis
1419 866 1604 942 equis,
1637 864 1848 924 fossam
1888 867 2136 924 transire
2179 878 2238 928 et
2361 868 2364 870 ’

252 953 567 1010 maceriam
596 953 1005 1032 transcendere
1034 964 1337 1014 sonantur.
1423 954 1674 1013 Paulum
1712 955 1970 1032 legiones
1995 955 2236 1027 Caesar,

248 1061 399 1116 quas
441 1060 543 1118 pro
582 1041 737 1100 vallo
777 1043 1167 1112 constituerat,
1200 1045 1522 1118 promoveri
1565 1045 1751 1122 jubet.
1835 1045 1972 1104 Non
2021 1048 2238 1116 minus,

248 1133 351 1208 qui
380 1132 533 1188 intra
561 1132 909 1190 munitiones
936 1137 1119 1201 erant,
1152 1132 1313 1190 Galli
1342 1135 1792 1210 perturbantur:
1834 1137 2020 1194 veniri
2059 1137 2130 1194 ad
2173 1156 2237 1194 se

248 1221 553 1278 confestim
594 1221 1007 1290 existimanteS,
1037 1221 1109 1279 ad
1148 1239 1313 1278 arma
1354 1223 1756 1282 conclamant:
1799 1225 2066 1285 nonnulli
2107 1244 2234 1303 per·
2265 1228 2343 1284 10

248 1310 435 1368 territi
482 1312 543 1375 in
586 1309 859 1388 oppidum
904 1312 1250 1387 irrumpunt.
1290 1369 1293 1374 ,
1336 1311 1788 1388 Vercingetorix
1826 1315 1994 1390 jubet
2037 1325 2238 1392 portas

246 1399 467 1469 claudi,
496 1418 570 1458 ne
610 1409 805 1458 eastra
844 1395 1157 1468 nudentur.
1246 1399 1452 1458 Multis
1479 1400 1812 1472 interfecti&
1843 1405 2240 1480 compluribus

246 1491 417 1565 equis
442 1491 648 1565 captis,
680 1489 965 1548 Germani
994 1509 1123 1549 sese
1152 1489 1464 1566 recipiunt.

328 1577 549 1638 LXXI.
596 1579 1061 1656 Vercingetorix,
1090 1579 1432 1656 priusquam
1475 1580 1824 1642 munitiones
1853 1581 1926 1638 ab
1955 1581 2238 1642 Romanis

247 1669 641 1745 perficiantur,
672 1669 979 1727 eonsilium
1025 1669 1199 1744 capit,
1228 1685 1461 1726 omnem
1501 1669 1574 1726 ab
1602 1688 1664 1726 se
1695 1671 2018 1745 equitatum
2059 1683 2236 1730 noctu
2267 1673 2340 1726 15

245 1758 555 1816 dimittere.
639 1757 1085 1816 Discedentibus
1122 1757 1378 1827 mandat,
1419 1767 1482 1816 ut
1523 1777 1692 1814 suam
1717 1759 1982 1836 ‚quisque
2025 1779 2236 1819 eorum

246 1850 543 1914 civitatem
566 1848 751 1918 adeat,
768 1867 1103 1924 omnesque,
1126 1849 1229 1925 qui
1250 1868 1355 1926 per
1371 1860 1620 1908 aetatem
1636 1868 1806 1908 arma
1829 1849 1980 1909 ferre
1999 1853 2234 1927 possint,

246 1939 321 1996 ad
352 1939 567 1996 bellum
595 1949 839 2016 cogant:
882 1957 992 1996 sua
1030 1939 1091 1994 in
1130 1939 1261 1998 illos
1300 1940 1508 1998 merita
1547 1941 1847 2016 proponit3
1891 1941 2234 2001 obtestatur·

244 2047 381 2104 que,
414 2038 477 2086 ut
518 2047 659 2086 suae
700 2029 905 2089 salutis
946 2029 1227 2086 rationem
1274 2029 1540 2098 habeant,
1569 2047 1686 2088 neu
1727 2049 1810 2100 se,
1839 2030 1912 2088 de
1939 2034 2234 2092 communi

241 2118 509 2203 libertate
530 2118 741 2195 optime
771 2119 1063 2187 meritum,
1088 2119 1146 2175 in
1176 2120 1502 2182 cruciatum
1531 2119 1784 2177 hostibus
1811 2120 2052 2180 dedantz
2081 2122 2230 2199 quod
2259 2119 2340 2175 29

243 2208 295 2265 si
324 2207 779 2285 indiligentiores
812 2207 1047 2277 fuerint,
1078 2208 1261 2266 millia
1302 2209 1600 2270 hominum
1642 2208 1870 2273 delecta
1910 2230 2074 2271 Lxxx
2116 2232 2234 2273 una

244 2316 449 2355 secum
498 2297 809 2356 interitura
857 2296 1241 2356 demonstrat:
1293 2300 1512 2356 ratione
1559 2298 1718 2367 inita,
1769 2297 2123 2358 frumentum
2170 2322 2234 2359 se

242 2386 458 2464 exigue
508 2386 735 2443 dierum
777 2404 899 2443 xxx
928 2386 1162 2457 habere,
1188 2387 1289 2443 'sed
1328 2388 1502 2464 paulo
1530 2388 1704 2444 etiam
1733 2388 1962 2463 longius
1989 2388 2238 2453 tolerare

242 2495 411 2551 posse
440 2474 746 2553 parcendo.
828 2473 943 2533 His
980 2475 1131 2533 datis
1170 2476 1474 2549 mandatis,
1503 2494 1620 2553 qua
1647 2486 1774 2533 erat
1801 2487 2062 2535 nostrum
2091 2496 2237 2553 opus

242 2566 659 2633 intermissum,
688 2565 949 2624 secunda
976 2566 1180 2642 vigilia
1207 2566 1434 2623 silentio
1461 2565 1782 2641 equitatum
1809 2564 2070 2623 dimittit:
2115 2566 2232 2623 fru-
2260 2570 2340 2631 25

244 2666 507 2711 mentum
534 2673 702 2713 omne
732 2655 803 2711 ad
830 2674 895 2713 se
924 2654 1063 2721 ferri
1085 2655 1251 2731 jubet
1274 2674 1291 2727 3
1338 2656 1542 2731 eapitis
1569 2672 1812 2729 poenam
1840 2654 1928 2723 iis,
1957 2656 2058 2731 qui
2099 2675 2212 2714 non

243 2745 566 2821 paruerint,
596 2745 921 2801 constituit:
966 2763 1163 2821 pecus,
1195 2744 1370 2819 eujus
1407 2760 1619 2819 magna
1649 2752 1776 2799 erat
1803 2744 1876 2799 ab
1905 2742 2237 2803 Mandubiis

242 2833 547 2911 compulsa
572 2834 757 2910 copia,
788 2834 1002 2891 viritim
1044 2834 1372 2905 distribuit3
1420 2830 1772 2891 frumentum
1807 2851 1983 2909 poree
2011 2843 2066 2894 et
2095 2854 2236 2911 pau..

242 2917 411 2981 latim
438 2920 626 2982 metiri
654 2922 937 2994 instituit3
984 2924 1180 2999 copias
1207 2940 1428 3001 omnes,
1457 2940 1606 2997 quas
1633 2939 1734 2997 pro
1760 2921 1964 2999 oppido
1991 2922 2234 2981 colloca-

241 3021 430 3083 verat,
480 3010 543 3069 i'n
588 3012 861 3089 oppidum
912 3014 1135 3088 recipit.
1220 3012 1333 3069 His
1383 3011 1701 3071 rationibus
1741 3012 1962 3071 auxilia
2003 3012 2236 3083 Galliae
2261 3016 2340 3071 3⁰

238 3110 583 3179 exspectare
612 3112 668 3159 et
696 3101 914 3161 bellum
944 3102 1345 3159 administrare
1375 3111 1558 3177 parat.

324 3190 575 3250 LXXII.
618 3190 853 3257 Quibus
906 3192 1079 3249 rebus
1127 3208 1201 3249 ex
1256 3190 1516 3267 perfugis
1557 3200 1614 3249 et
1661 3192 1908 3266 captivis
1961 3192 2230 3267 cognitiS,

238 3280 462 3339 Caesar
488 3280 633 3342 haec
660 3298 879 3359 genera
920 3280 1255 3339 munitionis
1282 3280 1548 3340 instituit.
1633 3278 1873 3337 Fossam
1902 3280 2111 3355 pedum
2152 3299 2236 3341 xx

240 3369 479 3427 directis
524 3369 805 3427 lateribus
852 3369 1035 3439 duxit,
1086 3379 1149 3427 ut
1197 3369 1325 3444 ejus
1372 3369 1562 3425 solum
1609 3368 1948 3450 tantundem
1995 3379 2232 3445 pateret,

241 3468 527 3535 quantum
545 3476 777 3536 summa
799 3458 959 3517 labra
986 3458 1289 3515 distabant.
1365 3456 1648 3537 Reliquas
1667 3476 1866 3515 omnes
1889 3460 2234 3517 munitiones
2259 3460 2340 3515 35

244 3548 319 3603 ab
366 3566 437 3613 ea
486 3546 637 3607 fossa
684 3566 889 3625 passus
938 3567 1011 3627 cn
1062 3547 1323 3627 reduxit:
1369 3545 1426 3603 id
1477 3546 1586 3603 hoo
1634 3546 1892 3619 eonsiliO,
1935 3548 2234 3623 (quoniam

242 3646 469 3695 tantum
499 3648 649 3695 esset
676 3638 1005 3697 necessario
1032 3636 1278 3713 spatium
1322 3634 1684 3715 complexim,
1713 3654 1820 3694 neo
1853 3634 2026 3696 facile
2053 3646 2234 3693 totum

242 3744 391 3802 opus
420 3726 669 3785 militum
698 3742 911 3785 corona
938 3725 1317 3803 cingeretur,)
1361 3743 1434 3783 ne
1468 3724 1540 3781 de
1579 3724 1884 3799 improviso
1923 3735 2024 3782 aut
2058 3736 2234 3783 noctu

242 3814 319 3873 ad
348 3816 697 3874 munitiones
725 3816 973 3873 hominm
999 3814 1309 3873 multitudo
1336 3813 1630 3871 advolaret
1649 3832 1669 3885 ;1
1713 3823 1812 3874 aut
1839 3813 2088 3874 interdiu
2115 3814 2232 3873 tela

1201 3904 1306 3961 14*
