2709 4300
221 305 333 352 cn.
351 305 472 359 24]
1034 304 1226 358 LIBER
1259 305 1555 360 TERTIUS.
2230 301 2315 360 57

212 453 410 522 partes
449 443 690 502 flumine
729 443 1102 515 divideretur,
1149 444 1395 504 alteram
1437 453 1663 522 partem
1702 445 1833 521 ejus
1860 445 1977 504 vici
2020 445 2210 506 Gallis

207 537 542 608 concessit3
591 535 852 605 alteram,
883 554 1135 594 vacuam
1177 537 1250 593 ab
1291 536 1411 594 illis
1451 536 1733 607 relictam,
1764 538 2095 597 cohortibus
2134 539 2208 598 ad

208 624 588 683 hiemandum
615 625 894 682 attribuit.
979 625 1138 682 Eum
1167 625 1363 684 locum
1390 627 1547 683 vallo
1574 625 1839 702 fossaque
1867 627 2135 686 munivit.

288 700 388 772 II.l
413 715 618 780 Quum
645 713 776 772 dies
796 715 1170 773 hibernorum
1195 716 1527 792 complures
1550 717 1911 787 transissent,
1948 715 2205 776 frumen·

205 814 454 880 tumque
479 820 550 862 eo
565 805 913 881 comportari
939 803 1220 880 immet,
1237 805 1429 863 subito
1454 821 1558 884 per
1576 806 1967 882 exploratores
1994 809 2205 866 certior
2228 815 2269 870 ὖ

209 893 403 951 factus
441 904 546 965 est,
577 913 652 952 ex
679 913 752 952 ea
792 904 952 970 parte
981 894 1114 964 vici,
1143 913 1320 970 quam
1340 895 1555 954 *Gallis
1590 905 1977 966 concesserat,
2004 915 2217 956 omnes·

205 995 384 1072 noctu
431 981 787 1054 discessisse,
839 994 1192 1059 montesque,
1235 985 1338 1060 qui
1386 985 1801 1062 impenderent,
1858 1002 1897 1044 a
1948 987 2205 1046 maxiina

205 1074 579 1132 multitudine
607 1073 974 1131 Sedunorum
1001 1084 1057 1132 et
1079 1073 1479 1151 Veragrorum
1504 1075 1711 1132 teneri.
1792 1075 1859 1133 Id
1887 1075 2105 1152 aliquot
2130 1075 2203 1134 de

203 1164 406 1222 causis
433 1163 746 1233 acciderat,
777 1173 842 1220 ut
881 1164 1068 1221 subito
1109 1163 1272 1221 Gelli
1321 1163 1459 1222 belli
1486 1164 1803 1222 renovandi
1842 1165 2203 1242 legionisque

205 1253 618 1330 opprimendae
661 1251 971 1314 consilium
1019 1263 1330 1329 caperent}
1380 1255 1651 1330 primum,
1694 1253 1848 1331 quod
1895 1255 2200 1332 legionem,
2230 1255 2305 1314 to

205 1359 400 1418 neque
427 1361 558 1402 eam
585 1343 1000 1419 plenissimam,
1027 1342 1302 1402 detractis
1329 1344 1663 1402 cohortibus
1688 1344 1935 1414 duabus,
1962 1354 2021 1402 et
2048 1363 2201 1402 com-

206 1432 476 1508 pluribus
527 1432 886 1510 singillatim,
945 1433 1064 1508 qui,
1121 1443 1481 1490 commeatus
1536 1432 1763 1508 petendi
1810 1453 1995 1491 causa
2042 1435 2202 1492 missi

203 1530 394 1592 erant,
458 1523 806 1591 absentibus,
871 1533 1102 1598 propter
1171 1521 1525 1597 paucitatem
1586 1521 2009 1597 despiciebant:
2076 1531 2203 1580 tum

204 1613 404 1682 etiam,
433 1611 584 1688 quod
629 1613 1248 1688 propter,iniquitatem
1279 1609 1412 1679 loci,
1442 1625 1625 1686 quum
1666 1610 1773 1686 ipsi
1814 1629 1889 1668 ex
1918 1611 2203 1670 montibus

205 1703 267 1758 in
297 1702 514 1760 vallem
543 1701 918 1760 decurrerent
947 1711 1004 1759 et
1031 1702 1150 1758 tela
1177 1700 1553 1776 conjicerent,
1584 1717 1661 1756 ne
1689 1700 1941 1776 primum
1968 1700 2201 1776 quidem
2232 1701 2305 1756 15

205 1793 672 1869 posseimpeturn
699 1807 872 1849 suum
899 1791 1172 1848 sustineri
1201 1789 1626 1848 existimabant.
1674 1789 2031 1860 Accedebat,
2048 1790 2203 1866 quod

205 1901 344 1942 suos
393 1884 466 1941 ab
505 1901 568 1942 se
609 1884 820 1941 liberos
863 1871 1178 1942 abstractos
1217 1882 1482 1940 obsidum
1519 1883 1755 1939 nomine
1796 1881 2100 1954 dolebant3
2144 1891 2203 1940 et

207 1975 520 2044 Romanos,
562 1989 676 2032 non
723 1974 914 2031 solum
957 1974 1230 2030 itinerum
1278 1991 1479 2043 causa,
1522 1971 1621 2030 sed
1672 1971 1847 2030 etiam
1891 1982 2203 2049 perpetuae

206 2064 600 2142 possessionis,
650 2063 912 2120 culmina
955 2061 1199 2138 Alpium
1245 2080 1535 2138 occupare
1578 2062 1796 2130 conari,
1842 2070 1899 2120 et
1944 2081 2017 2119 ea
2072 2061 2202 2121 loca

207 2155 490 2212 finitimae
518 2153 852 2231 provinciae
882 2152 1216 2229 adjungere,
1247 2152 1357 2209 sibi
1387 2170 1731 2229 persuasum
1760 2152 2068 2211 habebant.
2226 2145 2307 2201 20

289 2244 396 2302 111.
442 2242 554 2301 His
581 2243 812 2301 nunciis
853 2244 1122 2319 acceptiS,
1155 2242 1365 2313 Galba,
1394 2260 1575 2319 quum
1618 2260 1805 2317 neque
1825 2254 1975 2318 'opus
2016 2242 2201 2300 hiber-

209 2353 420 2393 norum
449 2335 908 2409 munitionesque
951 2333 1120 2409 plene
1161 2342 1350 2391 essent
1398 2332 1713 2409 perfectae,
1742 2348 1933 2407 neque
1972 2331 2043 2387 de
2086 2331 2203 2389 fru-

209 2434 406 2483 mento
443 2425 784 2501 reliquoque
815 2434 1142 2480 commeatu
1170 2423 1310 2481 satis
1349 2430 1503 2479 esset
1550 2422 1862 2498 provisum,
1894 2418 2063 2495 quod,
2108 2420 2202 2476 de-

207 2516 424 2573 ditione
463 2514 620 2572 facta
659 2513 1066 2589 obsidibusque
1095 2513 1367 2589 acceptis,
1398 2510 1541 2569 nihil
1582 2510 1655 2567 de
1696 2509 1849 2566 bello
1886 2507 2205 2565 timendum

205 2606 664 2674 existimaverat,
705 2603 946 2661 consilio
989 2601 1262 2660 celeriter
1301 2610 1635 2669 convocate,
1666 2598 1979 2657 sententias
2004 2598 2203 2673 exqui-
2228 2600 2309 2655 25

210 2716 344 2755 rere
373 2697 580 2773 coepit.
645 2696 782 2762 Quo
809 2696 868 2752 in
897 2693 1154 2762 consili-0,
1183 2710 1367 2768 quum
1395 2700 1621 2747 tantum
1650 2688 1930 2765 repentini
1958 2686 2205 2763 periculi

209 2796 446 2864 praeter
485 2787 816 2863 opinionem
857 2783 1181 2851 accidisset,
1227 2800 1298 2837 ac
1341 2781 1466 2855 jam
1504 2778 1703 2835 omnia
1742 2776 1865 2833 fere
1906 2776 2207 2852 superiora

211 2878 346 2935 loca
373 2876 741 2935 multitudine
771 2884 1123 2931 armatorum
1157 2869 1445 2946 completa
1484 2867 1974 2943 conspicerentur,
2018 2884 2206 2941 neque

213 2966 472 3024 subsidio
501 2967 704 3035 veniri,
727 2983 918 3040 neque
947 2970 1306 3021 commeatus
1333 2957 1657 3035 supportari
1686 2956 2017 3015 interclusis
2042 2956 2205 3013 itine-

217 3057 382 3115 ribus
427 3064 672 3132 possent,
715 3072 887 3131 prope
932 3052 1054 3128 jam
1081 3052 1385 3129 desperata
1412 3048 1618 3119 salute,
1648 3048 1962 3105 nonnullae
2007 3045 2206 3121 hujus-
2234 3042 2313 3097 30

217 3146 372 3204 modi
401 3145 718 3203 sententiae
736 3143 1094 3213 dicebantur,
1116 3151 1195 3211 ut,
1215 3140 1639 3217 impedimentis
1658 3138 1893 3206 relictis,
1910 3136 2211 3211 eruptione

219 3235 396 3305 facta,
425 3233 629 3291 iisdem
676 3232 996 3302 itineribus,
1038 3232 1250 3308 quibus
1290 3250 1359 3287 eo
1402 3228 1813 3307 pervenissent,
1844 3224 1919 3284 nd
1962 3225 2212 3283 salutem

214 3323 652 3385 contenderent.
739 3322 948 3399 Majori
988 3332 1182 3379 tamen
1225 3321 1371 3397 parti
1418 3318 1653 3394 placuit,
1685 3316 1791 3373 hoc
1822 3322 2113 3372 reservato
2139 3312 2213 3370 ad

215 3426 546 3473 extremum
588 3413 846 3484 consilio,
877 3412 1108 3469 interim
1150 3412 1236 3467 rei
1279 3418 1555 3467 eventum
1596 3404 1865 3481 experiri,
1914 3412 1973 3461 et
2018 3412 2215 3461 castra

217 3503 553 3563 defendere.
1056 3492 1068 3504 ’
2238 3496 2317 3555 35

301 3591 413 3653 IV.
457 3592 634 3652 Brevi
681 3592 864 3670 spatio
905 3589 1220 3665 interjectO,
1253 3588 1351 3644 vix
1382 3596 1445 3643 ut
1484 3585 1577 3642 his
1604 3584 1797 3653 rebus,
1825 3598 1975 3658 quas
2006 3580 2213 3639 consti-

219 3686 488 3753 tuissent,
538 3680 890 3741 collocandis
933 3688 1104 3755 atque
1155 3672 1621 3734 administrandis
1674 3682 1904 3748 tempus
1960 3670 2216 3741 daretur,

223 3775 417 3833 hostes
459 3788 534 3831 ex
581 3770 849 3829 omnibus
893 3769 1170 3846 partibus,
1215 3766 1381 3843 signo
1426 3764 1575 3834 dat0,
1618 3761 1955 3831 decurrere,
1997 3760 2221 3837 lapides

225 3882 522 3942 gaesaque
561 3862 623 3919 in
661 3860 885 3919 vallum
911 3858 1236 3933 conjicere:
1278 3855 1458 3915 nostri
1500 3855 1685 3932 primo
1725 3851 1967 3929 integris
1994 3850 2223 3911 -virrbus
