2709 4300
215 343 326 389 cn.
347 341 416 396 a]
985 339 1178 389 unm
1211 315 1561 388 securibus.
2224 329 2311 388 48

213 480 430 536 virtute
459 487 516 536 et
545 478 883 536 auctoritate
925 488 983 536 et
1011 479 1308 536 hominum
1349 497 1597 536 numero
1628 477 1865 535 valere:
1908 475 2011 534 hos
2038 493 2205 553 posse

213 569 506 626 conficere
557 571 778 624 armata
827 567 1012 624 millia
1061 579 1334 626 centum:
1400 567 1681 643 pollicitos
1728 585 1800 625 ex
1848 585 1919 624 eo
1960 583 2207 624 numero

211 659 404 715 electa
459 656 642 718 millia
691 675 784 726 Lx,
839 657 1128 732 totiusque
1185 656 1320 715 belli
1375 658 1685 733 imperium
1737 655 1846 714 sibi
1888 656 2200 732 postulare.

211 749 558 806 Suessiones
606 764 742 804 suos
785 765 914 804 esse
970 747 1282 819 finitimos3
1343 745 1649 804 latissimos
1704 739 2203 821 feracissimosque

212 855 384 914 agros
413 836 738 912 possidere:
781 835 931 913 apud
955 855 1055 894 eos
1083 835 1262 893 fuisse
1285 854 1482 914 regem
1506 845 1698 894 nostra
1724 836 1898 892 etiam
1926 835 2204 892 memoria
2226 839 2268 894 5

211 926 594 996 Divitiacum,
625 926 798 983 totius
827 925 1059 983 Galliae
1103 926 1578 1002 potentissimum,
1608 924 1709 1000 qui
1738 942 1920 1000 quum
1955 941 2203 1000 magnae

211 1016 392 1092 partis
440 1016 650 1072 harum
699 1014 1018 1092 regionum,
1074 1025 1199 1072 tum
1253 1016 1428 1072 etiam
1483 1014 1838 1083 Britanniae,
1894 1014 2203 1089 imperium

209 1105 562 1162 obtinuerit:
625 1122 784 1161 nunc
839 1123 964 1161 esse
1014 1121 1214 1182 regem
1265 1104 1554 1161 Galbam:
1616 1103 1689 1160 ad
1744 1104 1920 1172 hunc,
1978 1111 2205 1180 propter

208 1194 492 1271 justitiam
538 1193 1033 1269 prudentiamque,
1075 1209 1363 1252 summam
1408 1193 1581 1251 totius
1623 1191 1761 1250 belli
1804 1193 2062 1250 omnium
2106 1210 2200 1249 vo·

207 1283 435 1340 luntate
476 1281 725 1340 deferri:
767 1281 975 1358 oppida
1003 1283 1216 1340 habere
1259 1301 1504 1340 numero
1544 1300 1667 1355 1113
1712 1281 1972 1359 polliceri
2016 1281 2203 1338 millia
2230 1279 2307 1336 10

209 1381 438 1430 armata
458 1371 914 1447 quinquaginta:
955 1371 1185 1428 totidem
1215 1371 1486 1441 Nervios,
1508 1372 1611 1447 qui
1638 1373 1887 1428 maxime
1916 1369 2025 1427 feri
2052 1371 2203 1428 inter

208 1461 366 1536 ipsos
395 1461 733 1529 habeantur,
773 1460 1220 1536 longissimeque
1261 1461 1483 1518 absint:
1528 1477 1613 1516 xv
1642 1460 1827 1516 millia
1857 1458 2200 1516 Atrebates:

210 1549 536 1606 Ambianos
567 1567 605 1605 x
637 1549 856 1606 millia:
900 1549 1294 1607 Morinosxxv
1317 1549 1536 1604 milliaz
1581 1547 1879 1624 Menapios
1896 1565 1959 1604 11
1986 1547 2200 1605 milliat

207 1638 447 1696 Caletos
475 1657 514 1694 x
539 1638 758 1696 millia:
800 1637 1150 1696 Velocasses
1178 1647 1235 1696 et
1255 1637 1695 1695 Veromanduos
1721 1637 1955 1695 totidem
1978 1657 1993 1694 ε
2038 1637 2199 1694 Adu-

209 1737 416 1785 atucos
463 1745 567 1785 xlx
609 1727 829 1785 millia:
891 1727 1238 1810 Condrusos,
1288 1727 1614 1796 Eburones,
1670 1725 2003 1796 Caeraesos,
2056 1725 2199 1784 Pae·
2230 1727 2305 1782 15

209 1835 431 1887 manos,
463 1817 564 1892 qui
595 1834 710 1874 uno
745 1819 976 1874 nomine
1005 1816 1286 1874 Germani
1313 1816 1698 1894 appellantur,
1728 1817 1995 1874 arbitrari
2024 1815 2095 1874 ad
2120 1833 2201 1876 11.

209 1907 419 1962 millia.

159 2005 202 2035 ν
293 1994 371 2051 V.
416 1995 651 2066 Caesar,
683 1995 898 2076 Remos
940 1995 1287 2066 cohortatus,
1317 1995 1749 2071 liberaliterque
1788 1996 2043 2055 oratione
2072 2013 2196 2071 pro·

209 2093 467 2155 secutus,
523 2101 752 2142 omnem
807 2095 1072 2142 senatum
1129 2084 1202 2142 ad
1257 2105 1320 2142 se
1376 2087 1704 2156 convenire,
1756 2087 2197 2163 principumque

211 2174 426 2231 liberos
471 2174 698 2231 obsides
741 2174 813 2231 ad
861 2194 924 2231 se
975 2174 1184 2233 adduci
1233 2176 1427 2251 jussit.
1512 2176 1685 2240 Quae
1738 2177 1931 2233 omnia
1984 2176 2062 2233 ab
2106 2176 2197 2233 his
2222 2176 2301 2233 20

209 2262 520 2339 diligenter
567 2263 636 2321 ad
688 2264 841 2321 diem
889 2262 1046 2321 facta
1091 2274 1245 2321 sunt.
1327 2264 1459 2341 Ipse
1509 2263 1869 2321 Divitiacum
1919 2263 2197 2321 Aeduum

210 2370 424 2427 magno
475 2370 648 2427 opere
695 2353 1040 2422 cohortatus,
1083 2352 1266 2424 docet,
1315 2364 1531 2429 quanto
1570 2370 1743 2429 opere
1794 2353 1879 2409 rei
1927 2352 2197 2427 publicae

210 2442 650 2516 communisque
699 2442 903 2499 salutis
949 2442 1190 2512 intersit,
1241 2460 1451 2499 manus
1498 2442 1747 2499 hostium
1794 2440 2071 2509 distineri,
2121 2458 2197 2496 ne

209 2548 350 2586 cum
377 2539 534 2586 tanta
563 2529 928 2587 multitudine
955 2548 1070 2588 uno
1097 2540 1352 2609 tempore
1374 2529 1800 2606 confligendum
1820 2529 1913 2585 sit.
1972 2527 2038 2585 Id
2067 2528 2195 2585 fiori

211 2636 398 2694 posse,
429 2619 478 2675 si
505 2638 644 2676 suas
681 2619 876 2695 copias
905 2620 1099 2677 Aedui
1136 2621 1196 2677 in
1235 2622 1381 2677 fines
1401 2618 1842 2677 Bellovacorum
1871 2616 2193 2675 introduxe-
2220 2622 2301 2677 25

213 2708 345 2775 rint,
375 2717 434 2765 et
459 2725 663 2764 eorum
693 2726 862 2783 agros
889 2710 1151 2784 populari
1179 2709 1492 2785 coeperint.
1576 2706 1689 2764 His
1718 2705 2019 2775 mandatis,
2060 2722 2195 2763 eum

210 2795 286 2852 ab
311 2814 376 2852 se
404 2796 654 2853 dimittit.
738 2795 1044 2873 Postquam
1085 2816 1286 2855 omnes
1313 2795 1630 2871 Belgarum
1672 2795 1867 2871 copias
1910 2795 1971 2851 in
2010 2811 2197 2856 unum

209 2883 405 2941 locum
447 2896 680 2943 coactas
727 2886 796 2943 ad
841 2906 906 2943 se
947 2887 1148 2943 venire
1185 2885 1343 2954 vidit,
1390 2900 1581 2959 neque
1623 2884 1745 2961 jam
1787 2884 1957 2960 longe
2000 2884 2196 2941 abesse

210 2974 286 3029 ab
331 2973 437 3043 his,
468 2993 612 3049 quos
654 2975 905 3045 miserat,
949 2973 1420 3051 exploratoribus,
1464 2982 1521 3031 et
1566 2974 1639 3030 ab
1668 2972 1869 3031 Remis
1908 2974 2194 3051 cognovit,

210 3062 428 3119 flumen
461 3064 746 3133 Axonam,
776 3064 926 3139 quod
955 3074 1041 3121 est
1077 3064 1137 3120 in
1178 3064 1453 3121 extremis
1482 3062 1798 3121 Remorum
1838 3062 2067 3132 finibus,
2098 3080 2193 3119 ex·
2222 3068 2299 3124 30

209 3152 460 3208 ercitum
489 3152 790 3210 traducere
833 3155 1160 3223 maturavit,
1193 3163 1364 3228 atque
1392 3153 1473 3209 ibi
1514 3163 1705 3211 castra
1730 3153 1939 3229 posuit.
2023 3153 2195 3218 Quae

211 3256 308 3295 res
333 3250 392 3297 et
419 3240 572 3297 latus
601 3259 781 3298 unum
810 3250 1132 3299 castrorum
1161 3242 1302 3317 ripis
1342 3242 1600 3299 fluminis
1641 3242 1955 3311 muniebat,
1984 3250 2044 3299 et
2071 3251 2196 3317 post

208 3346 346 3384 eum
374 3346 524 3403 quae
553 3340 744 3386 essent
769 3339 896 3387 tuta
937 3330 1010 3387 ab
1035 3331 1294 3387 hostibus
1323 3330 1613 3400 reddebat,
1642 3340 1701 3387 et
1726 3340 2081 3387 commeatus
2121 3330 2195 3387 ab

209 3416 430 3485 Remis,
451 3416 802 3493 reliquisque
829 3419 1176 3489 civitatibus,
1201 3428 1264 3477 ut
1291 3420 1415 3477 sine
1445 3419 1708 3494 periculo
1723 3417 1795 3475 ad
1816 3437 1952 3477 eum
1980 3420 2194 3496 portari

209 3513 414 3581 posset,
443 3504 749 3564 efficiebat.
833 3506 900 3564 In
927 3526 996 3568 eo
1041 3508 1276 3566 flumine
1319 3526 1461 3583 pons
1498 3516 1641 3564 erat.
1726 3506 1812 3565 Ibi
1842 3508 2192 3584 praesidium
2220 3512 2297 3567 85

208 3594 402 3670 ponit3
447 3604 504 3651 et
533 3594 592 3651 in
623 3595 804 3653 altera
845 3606 1004 3671 parte
1047 3596 1302 3653 fluminis
1329 3597 1409 3661 Q.
1442 3596 1739 3653 Titurium
1784 3596 2068 3653 Sabinum
2108 3598 2191 3655 le.

205 3692 408 3758 gatum
451 3700 588 3740 cum
630 3702 734 3740 sex
761 3684 1090 3742 cohortibus
1130 3686 1443 3760 relinquit:
1484 3694 1679 3743 castra
1726 3685 1784 3742 in
1830 3685 2194 3744 altitudinem

207 3764 420 3846 pedum
446 3770 751 3829 duodecim
779 3772 950 3842 vallo,
980 3772 1246 3849 fossaque
1286 3773 1679 3851 duodeviginti
1721 3774 1933 3853 pedum
1960 3776 2192 3833 munire

200 3859 386 3935 jubet.
