2709 4300
432 273 553 338 us
1119 285 1207 332 nr.
1242 281 1456 332 mm
1485 281 1772 332 malco
2201 283 2352 338 [cn.
2375 287 2459 338 Β,
2481 287 2556 330 aa

528 441 651 482 una
672 439 813 482 cum
856 423 1097 500 reliquis
1134 421 1428 502 pendunt3
1473 421 1712 480 militiae
1737 421 2098 479 ”ostionem
2141 421 2560 497 omniumque

528 529 728 570 rerum
758 514 969 570 habent
998 514 1440 572 immunitatem.
1523 511 1732 570 Tantis
1757 511 1993 568 excitati
2021 512 2324 586 praemiis,
2339 521 2417 568 et
2435 530 2560 568 sua

528 611 729 678 sponte
756 601 923 660 multi
950 604 1011 658 in
1038 603 1404 679 disciplinam
1445 601 1812 670 conveniunt,
1841 610 1900 659 et
1941 619 1976 656 a
2015 601 2368 676 parentibus
2417 619 2558 676 pm-

530 691 875 767 piuquisque
906 693 1229 748 mittuntur.
1314 691 1600 770 Magnum
1627 691 1706 748 ibi
1731 707 2044 747 numerum
2059 707 2356 748 versuum
2389 691 2556 748 edis-

464 785 509 842 ⁸
530 797 667 838 cere
704 780 1012 838 dicunturt
1074 783 1269 857 itaque
1310 797 1492 838 annos
1531 779 1796 838 nonnulli
1823 781 2060 838 vicenos
2105 780 2168 836 in
2211 779 2555 856 disciplina

530 878 889 944 permanent.
974 869 1185 945 Neque
1230 869 1317 926 fas
1356 889 1486 927 esse
1523 870 1852 928 existimant
1881 887 1953 926 ea
1981 869 2176 926 literis
2219 869 2550 939 mandare,

528 975 711 1032 quum
740 959 801 1016 in
828 957 1067 1032 reliquis
1098 957 1217 1016 fere
1260 958 1434 1015 rebus
1473 959 1742 1034 publicis,
1783 957 2136 1034 privatisque
2175 954 2547 1028 rationibus,

530 1047 779 1106 Graecis
806 1057 1043 1107 utantur
1070 1049 1273 1106 literis.
1359 1048 1423 1106 Id
1453 1049 1594 1106 mihi
1621 1048 1848 1106 duabus
1873 1047 1944 1105 de
1981 1049 2178 1106 causis
2203 1049 2550 1106 instituisse

528 1138 840 1211 videmus-3
904 1139 1055 1216 quod
1086 1157 1277 1216 neque
1318 1141 1380 1197 in
1408 1141 1652 1217 vulgum
1690 1139 2054 1215 disciplinam
2095 1138 2294 1196 efferri
2323 1140 2544 1210 velint,

428 1231 507 1288 10
530 1246 719 1304 neque
746 1247 863 1299 eos,
890 1231 993 1306 qui
1020 1229 1265 1300 discant,
1298 1230 1482 1288 literis
1521 1229 1784 1298 confisos,
1811 1230 2008 1287 minus
2045 1231 2372 1288 memoriae
2417 1241 2542 1287 stu-

528 1317 703 1376 dere:
764 1319 915 1395 quod
974 1318 1095 1376 fere
1150 1319 1444 1396 plerisque
1493 1319 1720 1387 accidit,
1772 1327 1838 1376 ut
1890 1319 2176 1394 praesidio
2215 1319 2540 1376 literarum

530 1406 890 1484 diligentiam
918 1409 977 1466 in
1020 1409 1398 1485 perdiscendo
1437 1427 1508 1466 ac
1537 1408 1872 1466 memoriam
1917 1409 2226 1465 remittant.
2313 1408 2388 1466 In
2419 1411 2536 1485 pri-
2575 1423 2580 1425 ·

530 1499 643 1556 mis
670 1499 779 1556 hoc
804 1497 1007 1556 volunt
1048 1498 1419 1576 persuadere,
1449 1516 1562 1556 non
1591 1498 1826 1555 interire
1869 1499 2110 1567 animas,
2141 1497 2246 1554 sed
2289 1499 2368 1556 ab
2399 1499 2536 1556 aliis

531 1597 653 1664 post
680 1597 919 1646 mortem
949 1590 1193 1646 transire
1222 1588 1294 1645 ad
1318 1588 1499 1661 alios3
1543 1598 1718 1664 atque
1745 1587 1854 1644 hoc
1875 1588 2124 1644 maxime
2153 1587 2228 1644 ad
2247 1589 2534 1646 virtutem

432 1679 507 1738 1⁸
528 1679 773 1735 excitari
814 1687 1034 1754 putant,
1074 1688 1233 1736 metu
1274 1679 1474 1736 mortis
1519 1677 1804 1754 neglecto.
1889 1675 2078 1734 Multa
2105 1689 2417 1766 praeterea
2457 1678 2530 1736 de

530 1765 813 1824 sideribus
842 1777 1013 1842 atque
1042 1785 1244 1824 eorum
1274 1777 1450 1837 motu,
1473 1767 1548 1824 de
1575 1765 1774 1824 mundi
1803 1785 1876 1824 ac
1913 1777 2202 1824 terrarum
2229 1770 2526 1844 magnitu-

528 1855 681 1925 dine,
708 1855 781 1913 de
810 1875 1007 1914 rerum
1034 1867 1263 1927 natura,
1296 1857 1370 1915 de
1397 1856 1654 1915 Deorum
1699 1857 2110 1914 immortalium
2137 1858 2198 1914 vi
2237 1877 2314 1915 ac
2340 1867 2522 1934 potes-

528 1954 643 2002 tate
670 1946 980 2022 disputant,
1008 1956 1067 2005 et
1088 1947 1380 2022 juventuti
1407 1947 1732 2004 transdunt.

610 2031 743 2091 XV.
789 2036 1061 2094 Alterum
1104 2055 1291 2112 genus
1334 2047 1422 2094 est
1467 2036 1768 2112 Equitum.
1853 2033 1952 2105 Hi,
1995 2055 2179 2111 quum
2228 2045 2317 2094 est
2355 2055 2516 2114 usus,

422 2123 503 2185 ω
530 2131 701 2199 atque
746 2124 977 2201 aliquod
1008 2125 1224 2184 bellum
1252 2125 1470 2196 incidit,
1501 2125 1680 2204 (quod
1725 2135 1860 2183 ante
1887 2126 2158 2185 Caesaris
2203 2125 2517 2184 adventum

530 2210 651 2269 fere
677 2216 984 2289 quotannis
1012 2216 1279 2273 accidere
1308 2214 1545 2285 solebat,
1565 2216 1649 2273 uti
1677 2226 1780 2273 aut
1807 2217 1916 2293 ipsi
1945 2216 2190 2292 injurias
2217 2216 2513 2285 inferrent,

528 2314 629 2362 aut
670 2304 861 2363 illatas
902 2306 1347 2382 propulsarent‚)
1395 2324 1598 2363 omnes
1643 2307 1704 2363 in
1755 2307 1914 2375 bello·
1957 2317 2300 2364 versantur:
2341 2318 2514 2383 atque

528 2412 727 2451 eorum
757 2405 821 2454 ut
846 2396 1092 2471 quisque
1132 2406 1220 2453 est
1247 2416 1462 2472 genere
1501 2396 1802 2472 copiisque
1843 2398 2250 2473 amplissimae,
2281 2398 2362 2453 ita
2379 2398 2511 2474 plu-

529 2485 705 2541 rimos
732 2486 959 2542 circum
988 2504 1050 2542 se
1094 2486 1390 2543 ambactos
1431 2486 1788 2561 clientesque
1818 2486 2048 2544 habent.
2133 2485 2310 2544 Hanc
2337 2504 2510 2544 unam

422 2578 503 2633 25
526 2574 773 2651 gratiam
806 2576 1229 2651 potentiamque
1258 2585 1562 2632 noverunt.

610 2662 771 2721 XVI.
818 2662 997 2721 Natio
1040 2674 1127 2721 est
1170 2665 1430 2721 omnium
1473 2664 1781 2723 Gallorum
1827 2664 2134 2723 admodum
2164 2665 2354 2723 dedita
2381 2667 2508 2723 reli-

525 2753 830 2831 gionibus;
878 2763 1047 2828 atque
1074 2754 1147 2811 ob
1174 2774 1305 2811 eam
1332 2771 1594 2823 oausam,
1623 2755 1727 2830 qui
1755 2764 1890 2812 sunt
1930 2754 2124 2812 affecti
2151 2756 2506 2831 gravioribus

526 2842 755 2911 morbis,
806 2842 1023 2918 quique
1072 2844 1132 2899 in
1176 2844 1410 2918 proeliis
1459 2844 1850 2920 periculisque
1893 2855 2217 2913 vereantur,
2263 2854 2362 2902 aut
2407 2864 2506 2921 pro

528 2932 777 2989 victimis
806 2932 1064 2989 homines
1090 2932 1406 3002 immolant,
1439 2943 1540 2990 aut
1566 2953 1630 2991 se
1657 2932 2050 2991 immolaturos
2077 2943 2304 3003 vovent,
2333 2935 2502 2991 admi-

422 3024 505 3083 80
525 3021 835 3096 nistrisque
864 3020 935 3077 ad
964 3040 1037 3077 ea
1063 3022 1353 3079 sacrificia
1382 3020 1702 3079 Druidibus
1729 3033 1974 3081 utuntur
1996 3043 2015 3096 3
2036 3014 2042 3019 ’
2060 3023 2230 3098 quod,
2261 3042 2362 3099 pro
2389 3024 2502 3082 vita

525 3113 773 3170 hominis
800 3112 911 3169 nisi
951 3112 1197 3169 hominis
1224 3113 1341 3169 vita
1383 3112 1671 3183 reddatur,
1701 3132 1816 3171 non
1857 3134 2020 3191 posse
2059 3115 2226 3172 aliter
2253 3113 2497 3173 Deorum

524 3202 938 3261 immortalium
966 3222 1181 3261 numen
1204 3203 1424 3279 placari
1447 3205 1832 3263 arbitrantur:
1877 3206 2224 3281 publiceque
2251 3207 2495 3281 ejusdem

524 3294 755 3369 generis
784 3294 994 3351 habent
1022 3294 1279 3352 instituta
1308 3268 1615 3352 sacrificia.
1700 3294 1826 3352 Alii
1853 3296 2094 3352 immani
2115 3297 2494 3373 magnitudine

524 3381 841 3439 simulacra
886 3384 1114 3453 habent,
1144 3401 1393 3458 quorum
1427 3393 1694 3441 contexta
1736 3385 2050 3442 viminibus
2074 3386 2332 3443 membra
2357 3389 2494 3445 vivis

420 3472 497 3531 85
523 3470 851 3529 hominibus
887 3473 1197 3549 complent,
1240 3473 1452 3548 quibus
1493 3474 1810 3543 succensis
1850 3476 2234 3532 circumventi
2275 3476 2491 3553 flamma

522 3561 931 3619 exanimantur
957 3563 1236 3619 homineS.
1320 3562 1622 3638 Supplicia
1649 3582 1870 3633 eorum,
1899 3565 2000 3639 qui
2029 3565 2090 3620 in
2119 3562 2288 3633 furto,
2301 3562 2409 3622 'aut
2434 3567 2490 3623 in

520 3651 851 3720 latrocini0,‘
884 3662 985 3709 aut
1029 3654 1225 3729 aliqua
1270 3670 1423 3711 noxa
1467 3654 1581 3711 sint
1625 3654 2040 3730 comprehensi,
2083 3656 2336 3731 gratiora
2373 3652 2488 3715 Diis

522 3740 941 3796 immortalibus
968 3760 1095 3798 esse
1125 3742 1510 3799 arbitrantur:
1551 3742 1671 3811 aed,
1701 3758 1884 3817 quum
1913 3744 2042 3819 ejus
2081 3746 2312 3820 generis
2337 3747 2486 3821 eopia

520 3824 735 3888 deficit,
764 3826 939 3880 etiam
966 3827 1038 3881 ad
1066 3828 1460 3885 innocentium
1489 3830 1776 3905 supplicia
1799 3830 2178 3891 descendunt.
