2709 4300
274 276 383 321 Cn.
403 275 528 328 ΗΛ
1083 275 1277 324 LIBER
1304 275 1563 322 PRIMUS.
2292 271 2366 330 15
2398 295 2451 328 ᾳ

271 421 530 488 ternpore
558 412 950 488 principatum
990 413 1052 470 in
1093 414 1328 472 civitate
1368 411 1659 472 obtinebat
1698 433 1771 472 eo
1814 416 2065 474 maxime
2108 417 2261 494 plebi

271 512 552 578 aceeptus
569 512 714 571 erat,
737 512 802 560 ut
823 501 979 560 idem
999 512 1331 571 conaretur,
1350 503 1677 580 persuadet,
1698 505 1867 582 eique
1888 505 2071 564 filiam
2090 525 2261 566 suam

263 591 330 648 in
359 591 791 648 matrimonium
819 591 935 648 det.
1002 590 1310 650 Perfacile
1341 591 1500 650 factu
1528 613 1655 652 esse
1682 595 1801 652 illis
1827 596 2027 671 prohat
2053 607 2260 656 conata

264 682 572 758 perficere,
601 691 902 758 propterea
927 681 1080 758 quod
1113 683 1234 758 ipse
1269 701 1415 741 suae
1456 683 1705 742 civitatis
1728 685 2036 760 imperium
2062 686 2255 746 obten-

262 767 435 828 turus
461 782 651 829 esset:
694 789 808 829 non
836 790 964 829 eme
1004 771 1264 842 dubium,
1295 771 1437 850 quin
1464 774 1639 832 totius
1668 773 1899 832 Galliae
1937 775 2253 851 plurimum
2280 781 2319 838 δ

261 861 527 920 Helvetii
556 872 820 940 possent:
863 883 929 921 se
963 865 1088 921 suis
1121 865 1317 941 copiis,
1347 883 1569 940 suoque
1610 867 1891 936 exercitu,
1918 867 2039 924 illis
2074 885 2256 946 regna

259 952 735 1032 conciliaturum,
778 954 1100 1012 confirmat.
1185 953 1351 1013 Hae
1380 956 1635 1012 oratione
1694 955 1945 1026 adducti,
1988 958 2141 1016 inter
2190 978 2254 1018 se

260 1041 440 1111 fidem
477 1052 534 1100 et
572 1043 984 1120 jusjurandum
1026 1043 1188 1114 dant,
1209 1054 1284 1115 et,
1317 1063 1505 1122 regno
1536 1056 1835 1122 oceupato,
1867 1065 1969 1124 per
2004 1057 2123 1106 tres
2158 1069 2251 1125 po

259 1132 612 1190 tentissimos
653 1149 726 1190 ae
767 1131 1124 1192 firmissimos
1163 1135 1403 1212 populos
1439 1137 1611 1194 totius
1646 1135 1879 1194 Galliae
1918 1155 2047 1196 sese
2084 1139 2253 1216 potiri

259 1240 432 1298 posse
460 1232 714 1299 sperant.
1778 1271 1795 1278 ι
2282 1236 2356 1294 10

341 1311 450 1370 IV.
497 1311 592 1370 Ea
621 1332 714 1370 res
743 1323 808 1371 ut
835 1323 922 1371 est
959 1313 1248 1374 Helvetiis
1277 1333 1383 1391 per
1408 1315 1689 1373 indicium
1718 1317 2049 1388 enunciata,
2081 1321 2248 1376 mori.

259 1401 372 1458 bus
400 1403 522 1460 suis
565 1402 968 1482 Orgetorigem
997 1423 1070 1462 ex
1101 1404 1354 1462 vinealis
1394 1423 1637 1462 eausam
1678 1404 1871 1462 dicere
1900 1415 2247 1483 coegerunt:

257 1491 601 1550 demnatum
630 1498 872 1568 poenam
901 1496 1069 1570 sequi
1097 1494 1409 1570 oportebat,
1440 1503 1507 1550 ut
1530 1495 1655 1570 igni
1682 1502 2065 1552 cremaretur.
2093 1495 2250 1556 l-Die

256 1581 570 1640 constituta
617 1601 832 1640 causae
877 1583 1166 1652 dictionis,
1209 1581 1519 1660 Orgetorix
1568 1583 1641 1640 ad
1684 1583 1974 1660 judicium
2022 1603 2249 1644 omnem

255 1689 430 1729 suam
473 1672 770 1744 familiam,
803 1675 876 1732 ed
917 1675 1216 1732 hominum
1259 1673 1447 1732 millia
1486 1673 1707 1744 decem,
1746 1673 2001 1751 undique
2026 1679 2247 1761 eoegit,
2281 1681 2351 1736 15

255 1771 324 1822 et
343 1781 544 1820 omnes
569 1762 815 1822 clientes
841 1765 1257 1842 obaeratosque
1279 1783 1435 1836 suos,
1464 1783 1713 1840 quorum
1742 1768 2250 1842 magnumlnume-
2368 1753 2381 1771 ²

257 1873 394 1911 rum
435 1855 698 1925 habebat,
729 1856 931 1914 eodem
971 1855 1284 1914 conduxit·
1326 1873 1433 1934 per
1468 1875 1583 1927 eos,
1612 1873 1689 1913 ne
1726 1873 1967 1914 oausam
2008 1858 2245 1930 diceret,

255 1964 320 2002 se
364 1945 594 2020 eripuit.
679 1945 884 2010 Quum
926 1945 1154 2016 civitas,
1183 1947 1258 2004 ob
1294 1965 1426 2004 eam
1468 1965 1592 2004 rem
1636 1947 1891 2018 incitata,
1932 1950 2110 2008 armis
2146 1951 2247 2026 jus

255 2053 432 2092 suum
461 2036 700 2111 exsequi
731 2045 1056 2106 coneretur,
1087 2035 1631 2114 multitudinemque
1660 2038 1955 2096 hominum
1984 2057 2057 2096 ex
2088 2041 2245 2118 agris

256 2125 633 2203 magistratus
675 2135 968 2203 cogerent,
1013 2125 1324 2205 Orgetorix
1364 2139 1629 2187 mortuus
1668 2138 1788 2187 est:
1845 2144 2035 2207 neque
2084 2131 2246 2189 abest
2269 2134 2350 2191 20

253 2216 528 2292 suspicio,
557 2226 624 2275 ut
665 2214 923 2275 Helvetii
969 2218 1338 2287 arbitrantur,
1368 2217 1511 2295 quin
1538 2220 1659 2295 ipse
1688 2219 1797 2276 sibi
1839 2230 2082 2277 mortem
2110 2239 2243 2279 eon·

254 2306 512 2363 sciverit.
1125 2381 1138 2391 ·

337 2394 416 2451 V.
462 2396 596 2454 Post
635 2396 763 2473 ejus
791 2407 1032 2456 mortem
1057 2397 1240 2457 nihilo
1277 2397 1475 2455 minus
1515 2396 1769 2455 Helvetii
1810 2396 1887 2468 id,
1918 2398 2067 2475 quod
2112 2418 2243 2458 eon-

253 2486 576 2555 stituerant,
621 2486 816 2545 facere
859 2498 1162 2559 conantur,
1208 2499 1274 2547 ut
1312 2508 1346 2547 e
1392 2488 1605 2545 finibus
1652 2488 1775 2546 suis
1815 2499 2043 2547 exeant.
2128 2488 2245 2549 Ubi

247 2576 374 2652 jam
417 2594 479 2633 se
521 2576 593 2633 ad
635 2594 764 2634 eam
793 2596 916 2635 rem
957 2588 1184 2659 paratos
1224 2597 1352 2636 esse
1394 2579 1653 2637 arbitrati
1694 2588 1844 2649 sunt,
1888 2580 2093 2657 oppida
2134 2599 2243 2639 sua
2267 2589 2350 2646 225

251 2668 466 2736 omnia,
497 2684 738 2725 numero
767 2668 837 2725 ad
881 2668 1200 2739 duo-decim,
1233 2670 1395 2726 vicos
1420 2668 1491 2725 ad
1520 2667 1985 2746 quadringentOS‚
2017 2670 2243 2745 reliqua

253 2757 482 2833 privata
509 2756 776 2816 aedificia
815 2748 1168 2831 incendunt3
1216 2756 1572 2814 frumentum
1605 2774 1791 2827 omne,
1822 2766 2051 2834 praeter
2090 2758 2241 2839 quod

251 2864 457 2903 seeum
499 2848 776 2922 portaturi
803 2844 996 2919 taient,
1028 2850 1391 2916 comburunt,
1424 2855 1503 2915 ut,
1534 2844 1766 2903 domum
1808 2846 2099 2904 reditionis
2140 2866 2240 2924 spe

251 2936 500 3005 sublata,
529 2938 843 3011 paratiores
871 2938 942 2995 ad
971 2939 1163 2997 omnia
1191 2935 1456 3015 pericula-
1476 2935 1781 2993 subeunde
1804 2945 2027 2994 essent·
2064 2937 2241 2993 trium

253 3026 542 3083 mensium
585 3026 782 3084 molita
823 3028 1043 3085 cibaria
1083 3028 1192 3087 sibi
1232 3046 1523 3103 quemque
1565 3026 1731 3083 domo
1770 3026 1977 3083 efferre
2014 3026 2239 3102 jubent.
2266 3042 2345 3097 30

251 3114 620 3172 Persuadent
653 3102 942 3173 Rauracis
969 3127 1026 3175 et
1061 3114 1333 3194 Tulingis
1362 3127 1419 3175 et
1459 3115 1791 3199 Latobrigis
1829 3116 2103 3185 finitimis,
2135 3118 2239 3187 uti,

250 3202 484 3259 eodem
485 3200 581 3261 usi
603 3206 858 3275 eonsili0‚
888 3206 1108 3283 oppidis
1135 3208 1258 3263 suis
1285 3208 1545 3282 vicisque
1574 3206 1809 3274 exustiS,
1843 3223 1961 3261 una
1989 3224 2125 3263 eum
2167 3207 2241 3265 iis

250 3290 729 3394 proficiscantur·
770 3294 1072 3372 Boiosque‚
1102 3296 1203 3371 qui
1245 3305 1403 3352 trans
1444 3295 1715 3352 Rhenum
1760 3294 2139 3365 incoluerant,
2182 3304 2241 3354 et

250 3382 311 3437 in
363 3400 571 3458 agrum
619 3382 1327 3458 Noricum*-transierent‚
1379 3384 1773 3459 Noreiamque
1820 3395 2238 3468 oppugnarent,

250 3481 516 3547 receptos
543 3471 614 3529 ad
643 3492 705 3531 se
735 3476 921 3531 socios
946 3475 1054 3531 sibi
1083 3474 1435 3533 adsciscunt.
1466 3498 1508 3543 4„
1546 3496 1552 3501 ·
2264 3494 2345 3548 35

263 3613 268 3621 .
333 3558 441 3617 VI.
508 3560 694 3620 Erant
739 3564 970 3621 omnino
1017 3564 1223 3621 itinera
1270 3564 1403 3633 duo,
1452 3562 1663 3638 quibus
1716 3562 2019 3622 itineribus
2072 3563 2243 3623 domo

249 3650 414 3707 exire
463 3660 724 3727 possent:
785 3670 968 3711 unum
1016 3672 1122 3730 per
1165 3654 1483 3729 Sequanos,
1528 3662 1839 3731 angustum
1880 3663 1937 3711 et
1984 3652 2237 3721 difficile,

250 3741 406 3797 inter
445 3750 696 3799 montem
737 3741 770 3799 J
776 3760 940 3800 uram
980 3752 1036 3801 et
1076 3744 1292 3801 fiumen
1335 3742 1697 3813 Rhodanum,
1728 3744 1827 3801 vix
1865 3761 1984 3819 qua
2022 3744 2239 3821 singuli

251 3830 410 3888 carri
453 3830 844 3906 ducerentur3
914 3852 1078 3891 mons
1124 3842 1320 3891 autem
1370 3832 1683 3891 altissimus
1738 3832 2119 3908 impendebat,
2174 3839 2241 3889 ut
