2709 4300
365 215 489 278 πθ
1068 227 1155 276 ns
1190 226 1400 274 asem
1443 225 1535 272 aa
1543 225 1730 272 Luco
2137 225 2361 278 [cina.
2375 229 2446 271 aa

466 364 709 440 perlato,
736 383 937 424 annes
978 365 1101 422 fere
1146 363 1380 422 Galliae
1423 364 1688 421 civitates
1723 361 1794 418 de
1832 361 1986 420 bello
2023 362 2448 430 consultabant,

466 454 711 512 nuncios
750 453 1181 532 legationesque
1226 455 1287 513 in
1328 469 1530 510 omnes
1565 463 1758 529 partes
1795 451 2173 520 dimittebant,
2203 462 2277 520 et,
2302 451 2452 527 quid

466 541 681 618 reliqui
732 543 957 600 consilii
1012 553 1305 620 caperent,
1348 553 1520 618 atque
1579 541 1730 598 unde
1785 541 2016 598 initium
2072 540 2211 597 belli
2263 541 2448 607 fieret,

468 631 861 706 explorabant,
890 641 1291 706 nocturnaque
1318 633 1382 689 in
1409 632 1554 688 locis
1579 625 1820 688 desertis
1845 629 2109 688 concilia
2133 629 2448 686 habebant:

400 729 443 784 ι
468 719 681 794 Neque
738 719 923 778 ullum
973 718 1095 776 fere
1134 721 1307 778 totius
1354 720 1564 778 hiemis
1607 729 1837 794 tempus
1881 719 2008 776 sine
2052 717 2450 777 sollicitudine

466 809 740 868 Caesaris.
762 809 1101 877 intercessit,
1122 809 1267 883 quin
1296 809 1550 882 aliquem
1573 808 1644 864 de
1671 807 1936 865 conciliis
1961 825 2034 864 ac
2061 816 2220 864 motu
2249 807 2450 866 Gallo-

466 915 605 958 rum
646 898 929 956 nuncium
972 898 1303 973 acciperet..
1369 896 1438 954 In
1465 898 1558 954 his
1583 897 1658 952 ab
1685 895 1759 954 L.
1791 895 2006 953 Roscio
2031 895 2240 972 legato,
2271 914 2450 970 quem

468 985 683 1064 legioni
708 1003 818 1044 1111
846 984 1223 1061 praefecerat,
1254 986 1466 1042 certior
1502 995 1588 1042 est
1629 985 1836 1054 factus,
1869 983 2116 1060 Magnas
2143 983 2451 1042 Gallorum

466 1075 663 1150 copias
688 1091 891 1131 earum
918 1075 1239 1144 civitatum,
1266 1093 1418 1149 quae
1447 1075 1794 1132 Armoricae
1821 1073 2202 1149 appellantur,
2231 1093 2450 1151 oppug-

366 1171 443 1228 10
464 1163 643 1222 nandi
686 1163 779 1220 sui
822 1181 1003 1220 causa
1042 1164 1416 1220 convenisse.
1461 1180 1650 1238 neque
1690 1163 1920 1237 longius
1947 1162 2132 1218 millia
2170 1181 2451 1238 pamuum

466 1269 579 1310 vm
620 1252 697 1308 ab
732 1251 987 1308 bibernis
1024 1252 1147 1308 suis
1184 1249 1468 1308 abfuisse·
1451 1293 1468 1322 ,
1513 1251 1615 1308 sed
1643 1252 1858 1308 nuncio
1900 1250 2078 1310 allato
2103 1250 2176 1308 de
2203 1251 2452 1308 victoria

466 1339 755 1409 Caesaris,
802 1338 1157 1410 discessisse,
1206 1339 1368 1410 adeo,
1420 1349 1482 1396 ut
1539 1338 1714 1416 fugae
1767 1339 1976 1397 similis
2027 1339 2318 1398 disces-sus
2366 1341 2450 1396 vi-

468 1428 721 1488 deretur.

496 1516 709 1576 ·L1V.
771 1519 853 1576 At
908 1517 1143 1588 Caesar,
1198 1517 1556 1594 principibus
1609 1517 1898 1593 cujusque
1951 1517 2204 1574 civitatis
2259 1517 2332 1574 ad
2385 1537 2452 1575 se

368 1617 442 1674 15
468 1609 740 1676 evocatis,
768 1608 917 1666 alias
942 1607 1268 1676 territand0,
1298 1625 1477 1682 quum
1505 1625 1568 1664 se
1597 1607 1768 1674 scire,
1797 1623 1948 1680 quae
1977 1607 2201 1674 fierent,-
2231 1605 2452 1666 denun-

468 1696 669 1766 ciaret,
700 1696 849 1754 alias
890 1695 1257 1764 cohortando,
1287 1713 1562 1771 magnam
1605 1705 1830 1770 partem
1877 1695 2110 1754 Galliae
2155 1695 2216 1752 in
2261 1695 2456 1754 officio

467 1786 671 1844 tenuit.
756 1785 979 1842 Tamen
1008 1785 1285 1853 Senones,
1314 1803 1471 1859 quae
1497 1793 1584 1840 oet
1609 1785 1818 1840 civitas
1845 1785 1906 1840 in
1949 1784 2149 1859 primis
2177 1783 2364 1852 firma,
2393 1795 2454 1840 et

468 1891 715 1948 magnae
760 1873 911 1930 inter
960 1872 1163 1931 Gallos
1206 1873 1582 1942 auctoritatis,
1614 1872 1992 1939 Cavarinum,
2017 1891 2194 1946 quem
2233 1872 2452 1930 Caesar

468 1961 621 2036 apud
638 1979 737 2017 eos
759 1979 959 2037 regem
978 1963 1368 2030 constituerat,
1389 1961 1590 2036 (cujus
1609 1960 1784 2018 frater
1808 1959 2178 2036 Moritasgus,
2199 1961 2450 2019 adventu

360 2053 445 2115 ω
468 2047 529 2106 in
558 2047 817 2109 Galliam
842 2049 1129 2120 Caesaris,
1161 2051 1448 2126 cujusque
1477 2049 1730 2125 majores
1759 2067 2006 2126 regnum
2033 2049 2452 2126 obtinuerant,)

468 2137 795 2213 interficere
823 2139 1057 2216 publico
1080 2139 1321 2197 consilio
1348 2138 1560 2209 conati,
1591 2158 1774 2214 quum
1803 2139 1904 2195 ille
1932 2138 2354 2214 praesensisset
2369 2141 2452 2199 'ae

471 2224 831 2303 profugisset,
864 2246 1047 2303 usque
1092 2228 1163 2285 ad
1208 2228 1353 2285 fines
1395 2229 1663 2297 insecuti,
1695 2246 1878 2304 regno
1901 2227 2184 2303 domoque
2213 2229 2449 2304 expule-

468 2325 639 2387 runt3
670 2326 744 2386 et,
768 2317 957 2375 missis
978 2317 1049 2374 ad
1070 2318 1382 2375 Caesarem
1405 2316 1796 2375 satisfaciendi
1819 2336 1999 2375 causa
2022 2316 2245 2392 legatis,
2270 2335 2452 2392 quum

470 2407 521 2465 is
560 2426 789 2467 omnem
830 2409 901 2465 ad
950 2429 1013 2467 se
1060 2418 1325 2467 senatum
1368 2410 1568 2466 venire
1605 2408 1888 2482 jussisset,
1941 2408 2096 2465 dicto
2155 2408 2454 2467 audientes

362 2506 443 2561 25
470 2515 583 2555 non
628 2497 881 2557 fuerunt.
968 2500 1227 2557 Tantum
1273 2500 1428 2575 apud
1470 2500 1735 2557 homines
1773 2500 2048 2556 barbaros
2083 2499 2284 2567 valuit,
2327 2518 2454 2557 esse

470 2597 723 2661 repertos
750 2589 973 2663 aliquos
1001 2590 1291 2665 principes
1320 2589 1458 2645 belli
1491 2587 1794 2657 inferendi,
1825 2598 2161 2663 tantamque
2189 2589 2456 2645 omnibus

468 2676 832 2734 voluntatum
880 2680 1387 2735 commutationem
1437 2678 1646 2745 attulit,
1677 2686 1778 2745 -ut,
1827 2687 2056 2753 praeter
2081 2676 2346 2734 .Aeduos
2399 2686 2457 2733 et

470 2762 703 2835 Remos,
732 2785 875 2841 quos
904 2766 1223 2841 praecipuo
1242 2785 1471 2842 semper
1499 2767 1712 2823 honore
1739 2766 1960 2824 Caesar
1999 2766 2216 2833 habuit,
2249 2765 2457 2823 alteros

470 2870 573 2927 pro
600 2864 793 2911 vetere
823 2874 893 2912 ac
922 2864 1201 2929 perpetua
1228 2875 1370 2931 erga
1400 2856 1682 2930 Populum
1723 2854 2054 2913 Romanum
2081 2854 2216 2923 fide,
2243 2855 2458 2913 alteros
2525 2923 2534 2930 ·

301 2994 306 3003 ,
368 2949 447 3009 ae
470 2960 575 3018 pro
600 2942 929 2999 recentibus
958 2942 1175 3001 Gallici
1216 2944 1355 3020 belli
1397 2944 1618 3012 officiiS‚
1647 2943 1814 3001 nulla
1861 2942 1982 2999 fere
2029 2943 2239 3009 civitas
2284 2942 2460 3001 fuerit

470 3048 588 3087 non
616 3040 885 3106 suspecta
918 3030 1099 3086 nobis,
1186 3031 1368 3106 quue
1409 3032 1552 3089 adeo
1591 3032 1744 3089 haud
1781 3033 1904 3088 scio
1930 3031 2336 3088 mirandumne
2364 3034 2455 3101 sit,

470 3136 652 3193 quum
698 3119 1095 3193 compluribus
1142 3120 1273 3177 aliis
1314 3121 1388 3177 de
1429 3122 1643 3189 causiS,
1685 3130 1811 3177 tum
1853 3121 2124 3187 maxime,
2153 3120 2324 3195 quod,
2353 3122 2457 3195 qui

472 3207 681 3265 virtute
708 3208 849 3265 belli
874 3208 1141 3265 omnibus
1166 3208 1438 3284 gentibus
1464 3209 1954 3285 praeferebantur,
1983 3218 2208 3265 tantum
2235 3228 2298 3265 se
2327 3210 2458 3283 ejus

470 3296 751 3369 opinionis
796 3295 1199 3371 deperdidisse,
1232 3308 1295 3354 ut
1324 3317 1360 3355 a
1390 3297 1608 3372 Populo
1651 3298 1912 3355 Romano
1951 3298 2197 3373 imperia
2241 3298 2456 3373 perier-

364 3396 447 3453 ω
474 3392 623 3451 rent,
648 3385 991 3459 gravissime
1020 3385 1306 3442 dolebant.

553 3470 685 3527 LV.
728 3472 960 3530 Treviri
988 3490 1124 3529 vero
1150 3486 1321 3548 atque
1350 3474 1774 3533 Indutiomarus
1792 3475 1968 3533 totius
1993 3475 2200 3531 hiemis
2225 3476 2458 3537 nullum

466 3564 701 3635 tempus
726 3560 1179 3631 intermiserunt,
1206 3562 1349 3637 quin
1377 3572 1538 3620 trans
1569 3562 1844 3622 Rhenum
1877 3564 2098 3640 legatos
2145 3564 2454 3635 mitterent,

464 3646 731 3704 civitates
782 3647 1176 3718 sollicitarent,
1226 3652 1506 3726 pecunias
1555 3652 1984 3727 pollicerentur,
2031 3668 2245 3727 magna
2291 3662 2458 3728 perte

468 3738 766 3795 exercitus
792 3738 971 3795 nostri
1000 3740 1321 3810 interiecta,
1348 3742 1530 3799 multo
1557 3743 1837 3803 minorem
1863 3761 2166 3818 superesse
2195 3742 2457 3802 dicerent

1767 3911 1796 3959 ἢ
