2709 4300
398 273 521 336 tu
1120 285 1211 336 ns
1246 285 1460 335 mm
1493 284 1780 336 ωιιιοο
2269 285 2402 364 ιφ.
2421 290 2490 330 -1-1.

494 423 787 502 getorigis,
816 441 1045 482 summa
1072 423 1301 500 imperii
1328 423 1598 482 traditur.
1679 423 1796 484 His
1815 423 2032 482 delecti
2051 442 2126 480 ex
2155 421 2494 480 civitatibus

496 513 911 582 attribuuntur,
940 531 1191 588 quorum
1218 513 1460 572 consilio
1488 515 1706 572 bellum
1745 514 2265 572 administraretur.
2349 510 2490 568 Om-

494 619 599 660 nes
626 602 851 660 alacres
878 613 935 660 et
953 601 1203 660 fiduciae
1222 603 1376 678 pleni
1399 603 1469 660 ad
1495 603 1760 660 Alesiam
1789 603 2269 678 proficiscuntur:
2299 619 2494 676 neque

494 701 621 750 erat
662 693 921 750 omnium
964 693 1293 768 quisquam,
1320 691 1424 767 qui
1463 702 1762 768 aspectum
1803 691 1970 752 modo
2001 701 2195 750 tantae
2231 690 2491 746 multitu-

430 787 474 842 ὅ
492 779 645 838 dinis
670 781 943 838 sustineri
974 799 1139 857 posse
1160 780 1582 854 arbitraretur3
1613 773 1956 858 praesertim
1985 781 2226 858 ancipiti
2253 779 2492 856 proelio,

494 887 677 946 quum
724 889 797 926 ex
848 869 1055 948 oppido
1100 869 1402 947 eruptione
1443 880 1821 948 pugnaretur,
1867 869 2006 930 ibris
2051 879 2248 928 tantae
2289 869 2496 946 copiae

494 960 791 1036 equitatus
816 959 1219 1036 peditatusque
1248 969 1650 1018 cernerentur.

574 1047 885 1106 LXXVII.
930 1049 1015 1106 At
1056 1049 1117 1118 ii,
1144 1049 1247 1125 qui
1290 1049 1532 1108 Alesiae
1573 1049 1998 1120 obsidebantur,
2027 1050 2338 1126 praeterita
2377 1048 2496 1118 die,

491 1155 615 1213 qua
632 1157 873 1196 suorum
894 1139 1119 1197 auxilia
1134 1149 1632 1215 exspectaverant,
1653 1151 1992 1216 consumpto
2007 1140 2164 1198 omni
2183 1137 2496 1206 frumento,

396 1235 471 1292 10
497 1228 683 1296 inscii,
728 1228 869 1303 quid
915 1228 975 1285 in
1021 1227 1249 1286 Aeduis
1292 1240 1614 1306 gereretur,
1657 1229 1906 1288 concilio
1949 1239 2168 1297 coacto,
2213 1228 2284 1284 de
2329 1228 2496 1287 exitu

498 1315 861 1375 fortunarum
904 1336 1145 1376 suarum
1188 1318 1612 1376 consultabant.
1696 1317 1872 1394 Apud
1917 1337 2060 1394 quos
2102 1317 2280 1374 variis
2323 1317 2500 1374 dictis

496 1408 811 1476 sententiis,
842 1425 1095 1482 quarum
1138 1424 1271 1483 pars
1298 1406 1662 1476 deditionem,
1693 1426 1846 1484 pars,
1875 1407 2014 1464 dum
2045 1408 2198 1464 vires
2225 1416 2496 1482 suppete-

498 1508 643 1566 rent,
674 1497 1031 1574 eruptionem
1072 1495 1406 1566 censebant,
1437 1513 1550 1558 non
1593 1497 2014 1572 praetereunda
2043 1496 2270 1553 videtur
2311 1497 2500 1554 oratio

496 1586 833 1664 Critognati,
852 1595 1081 1663 propter
1108 1587 1239 1660 ejus
1264 1585 1627 1662 singularem
1657 1605 1728 1644 ac
1754 1586 2040 1644 nefariam
2063 1585 2494 1644 crudelitatem.

397 1683 473 1738 1⁵
500 1675 635 1744 Hic,
658 1695 883 1734 summo
912 1677 968 1734 in
1000 1676 1291 1732 Arvernis
1314 1686 1476 1734 ortus
1503 1676 1648 1746 loco,
1677 1685 1734 1734 et
1762 1695 2008 1753 magnae
2037 1675 2266 1734 habitus
2295 1685 2496 1732 aucto-

498 1767 701 1836 ritatis,
745 1766 932 1834 Nihil,
976 1765 1181 1840 inquit,
1224 1765 1295 1822 de
1337 1783 1542 1822 eorum
1583 1767 1866 1823 sententia
1905 1765 2170 1822 dicturus
2211 1783 2368 1832 sum,
2393 1766 2500 1840 qui

494 1855 887 1931 turpissimam
938 1851 1278 1912 servitutem
1320 1854 1626 1912 deditionis
1664 1854 1894 1920 nomine
1923 1854 2256 1930 appellant3
2303 1873 2500 1930 neque

497 1944 599 2002 hos
641 1943 932 2002 habendos
980 1945 1201 2002 civium
1246 1943 1391 2013 loco,
1435 1961 1622 2020 neque
1665 1943 1736 2002 ad
1779 1945 2096 2001 concilium
2139 1943 2500 2002 adhibendos

496 2052 725 2092 censeo.
809 2033 959 2092 Cum
988 2033 1061 2090 iis
1090 2033 1231 2093 mihi
1262 2052 1357 2090 res
1383 2033 1476 2102 sit,-
1505 2033 1607 2108 qui
1635 2034 1993 2109 eruptionem
2035 2035 2312 2108 probant:
2357 2053 2496 2109 quo-

390 2128 471 2185 20
500 2141 629 2181 rum
656 2123 717 2181 in
746 2123 1005 2193 consilio,
1024 2123 1283 2181 omnium
1312 2133 1568 2183 vestrum
1597 2141 1902 2193 consensu,
1933 2123 2208 2199 pristinae
2239 2123 2496 2183 residere

498 2214 727 2271 virtutis
754 2214 1033 2271 memoria
1056 2214 1303 2271 videtur.
1376 2214 1580 2270 Animi
1607 2223 1694 2270 est
1715 2214 1824 2269 ista
1845 2212 2130 2282 mollities,
2151 2231 2264 2269 non
2289 2214 2496 2282 virtus,

496 2303 747 2379 inopiam
778 2304 1073 2380 paulisper
1104 2301 1256 2361 ferre
1282 2321 1398 2359 non
1429 2321 1612 2378 posse.
1695 2303 1818 2367 Qui
1845 2322 1908 2361 se
1939 2301 2092 2359 ultro
2129 2303 2300 2359 morti
2331 2302 2496 2361 offer-

498 2404 615 2463 ant,
644 2393 879 2451 facilius
920 2393 1309 2469 reperiuntur,
1338 2410 1516 2467 quam
1543 2392 1644 2467 qui
1687 2391 1940 2449 dolorem
1968 2392 2254 2467 patienter
2281 2390 2494 2449 ferant.

371 2556 396 2569 x
500 2484 697 2561 Atque
726 2504 835 2561 ego
862 2484 1015 2541 hanc
1042 2483 1386 2540 sententiam
1421 2483 1742 2557 probarem,
1773 2483 1936 2559 (nam
1965 2480 2116 2557 apud
2147 2500 2242 2537 me
2269 2492 2500 2541 tantum

394 2582 475 2637 25
500 2574 749 2650 dignitas
790 2573 1015 2651 potest‚)
1044 2573 1095 2631 si
1124 2573 1368 2641 nullam,
1399 2583 1802 2648 praeterquam
1834 2572 1986 2629 vitae
2027 2581 2275 2640 nostrae,
2301 2572 2494 2646 jactu-

500 2682 625 2723 ram
666 2665 796 2721 fieri
826 2664 1083 2723 viderem
1108 2684 1125 2735 3
1170 2662 1272 2721 sed
1301 2663 1357 2722 in
1391 2662 1632 2723 consilio
1667 2662 1948 2739 capiendo
1973 2680 2204 2719 omnem
2236 2661 2498 2719 Galliam

501 2756 899 2832 respiciamus,
917 2774 1093 2832 quam
1122 2754 1192 2812 ad
1222 2764 1480 2813 nostrum
1501 2754 1783 2811 auxilium
1809 2754 2248 2811 concitavimus.
2314 2753 2512 2821 Quid„

500 2845 797 2903 hominum
843 2845 1102 2903 millibus
1144 2862 1303 2903 Lxxx
1334 2861 1449 2903 uno
1477 2844 1608 2903 loco
1635 2842 1970 2911 interfectis,
2000 2844 2334 2919 propinquis
2361 2862 2496 2908 con-

500 2936 951 3011 sanguineisque
993 2936 1201 2991 nostris
1240 2934 1419 2991 animi
1463 2932 1582 2991 fore
1623 2934 1982 3001 existimatis,
2011 2933 2062 2989 si
2091 2950 2237 3007 pene
2265 2933 2324 2989 in
2355 2933 2500 3007 ipsis

396 3030 477 3087 30
502 3024 885 3083 cadaveribus
924 3022 1141 3099 proelio
1178 3022 1484 3079 decertare
1523 3022 1850 3098 cogentur?
1933 3021 2133 3079 Nolite
2172 3022 2276 3079 hos
2306 3032 2500 3079 vestro

502 3115 721 3173 auxilio
762 3112 1033 3189 spoliare,
1060 3112 1161 3187 qui
1203 3123 1430 3174 ,vestrae
1475 3112 1685 3169 salutis
1727 3130 1908 3169 causa
1947 3130 2120 3169 suum
2165 3110 2498 3186 periculum

500 3203 901 3279 neglexerint3
948 3220 1059 3259 nec
1086 3202 1331 3259 stultitia
1359 3220 1430 3259 ac
1465 3202 1788 3260 temeritate
1820 3212 2032 3269 vestra,
2063 3209 2164 3259 aut
2193 3199 2496 3259 imbecilli-

500 3302 617 3350 tate
648 3287 845 3361 animI,
868 3310 1097 3350 omnem
1124 3292 1380 3352 Galliam
1409 3302 1772 3367 prosternere
1801 3301 1858 3349 et
1887 3299 2200 3367 perpetuae
2229 3290 2498 3347 servituti

504 3380 795 3441 addicere.
880 3383 1000 3452 An,
1034 3381 1187 3457 quod
1230 3381 1301 3439 ad
1342 3380 1496 3439 diem
1539 3399 1652 3437 non
1695 3382 1978 3450 venerint,
2021 3380 2094 3437 de
2137 3398 2340 3437 eorum
2381 3378 2498 3437 fide

400 3480 479 3537 ω
504 3472 937 3551 constantiaque
966 3470 1285 3529 dubitatis?
1348 3469 1508 3534 Quid
1537 3469 1722 3547 ergo?
1797 3468 2090 3527 Romanos
2116 3470 2176 3526 in
2207 3468 2322 3527 illis
2352 3469 2494 3525 ulte-

504 3559 752 3615 rioribus
800 3560 1213 3619 munitionibus
1272 3558 1528 3617 animine
1593 3576 1777 3617 causa
1815 3558 2070 3635 quotidie
2099 3559 2362 3617 exerceri
2393 3577 2494 3634 pu-

502 3646 681 3701 tatis?
762 3646 827 3703 Si
854 3648 1087 3703 illorum
1114 3650 1346 3705 nunciis
1373 3649 1705 3705 confirmari
1732 3668 1844 3707 non
1873 3650 2122 3724 potestiS,
2151 3648 2306 3705 omni
2335 3648 2494 3705 aditu

504 3743 841 3804 praesep103
886 3735 958 3789 iis
1003 3735 1229 3792 utimini
1270 3736 1530 3804 testibus,
1561 3738 2023 3812 appropinquare
2051 3724 2494 3794 eorum‘adven-

400 3820 407 3841 ¹
508 3822 653 3881 tum,
700 3818 873 3891 cujus
920 3820 1007 3877 rei
1054 3822 1257 3879 timore
1304 3826 1584 3893 exterriti,
1631 3824 1786 3900 diem
1829 3834 2172 3901 noctemque
2213 3826 2276 3883 in
2319 3842 2496 3903 opere
