2709 4300
393 279 482 340 64
1107 283 1196 332 DE
1231 281 1444 332 mm
1476 279 1763 332 cuum
2168 281 2303 335 [cu.
2326 285 2401 336 ιο,
2418 287 2499 326 se.

497 425 632 484 dem
659 423 948 484 hommem
973 431 1034 482 et
1057 421 1338 483 callidum
1364 418 1597 498 delegit,
1616 417 1873 487 Gallum,
1892 433 1969 474 ex
1996 416 2087 474 his
2102 435 2249 494 quos
2275 416 2501 474 auxilii

495 531 680 572 eausa
717 531 920 572 secum
959 511 1228 570 habebat.
1309 509 1471 568 Huic
1508 507 1733 585 magnis
1760 507 2033 584 praemiis
2060 507 2499 584 pollicitationi-

499 603 722 678 busque
749 601 1074 680 persuadet,
1106 601 1189 658 uti
1217 599 1288 658 nd
1323 599 1515 656 hostes
1550 607 1843 669 transeat3
1888 605 1965 666 et,
1994 595 2133 672 quid
2160 595 2291 654 fieri
2323 599 2494 668 velit,

495 691 718 750 edocet.
799 690 940 758 Qui,
971 689 1072 746 ubi
1111 707 1214 765 pro
1255 687 1501 765 perfuga
1528 687 1601 746 ad
1644 705 1745 744 eos
1772 687 1947 755 venit,
1974 687 2237 743 timorem
2268 686 2495 744 Roma-

435 789 474 844 5
499 797 704 836 norum
752 778 1053 855 proponit3
1117 777 1330 852 quibus
1386 776 1669 852 angustiis
1723 777 1849 850 ipse
1900 774 2119 832 Caesar
2158 793 2197 830 a
2236 775 2499 834 Venetis

497 877 810 944 prematur,
841 867 1042 924 docetz
1085 882 1274 940 neque
1315 864 1547 940 longius
1588 865 1809 933 abesse,
1838 865 1977 939 quin
2022 865 2285 940 proxima
2312 876 2497 922 nocte

497 957 750 1012 Sabinus
793 955 948 1012 clam
989 971 1062 1010 ex
1105 954 1312 1012 castris
1355 954 1679 1010 exercitum
1706 953 1935 1022 educat,
1964 961 2023 1010 et
2064 951 2135 1009 ad
2162 953 2497 1010 Caesarem

499 1045 701 1102 auxilii
731 1043 949 1102 ferendi
987 1061 1166 1100 cause
1209 1043 1629 1118 proficiscatur.
1714 1041 1887 1107 Quod
1930 1043 2029 1100 ubi
2068 1041 2335 1099 auditum
2376 1054 2491 1112 est,

497 1133 864 1191 conclamant
907 1150 1124 1202 omnes,
1171 1132 1537 1190 occasionem
1584 1133 1797 1209 negotii
1846 1131 1991 1189 bene
2030 1131 2271 1207 gerendi
2316 1133 2489 1190 mis.

401 1229 472 1284 10
499 1223 729 1280 tendam
757 1241 866 1280 non
898 1241 1042 1291 esse,
1073 1222 1144 1278 ad
1173 1232 1367 1279 castra
1402 1221 1475 1277 iri
1514 1231 1799 1297 oportere.
1883 1220 2106 1281 Multae
2134 1239 2229 1279 res
2270 1223 2341 1278 ad
2374 1223 2491 1280 hoc

497 1311 806 1370 consilium
861 1311 1063 1368 Gallos
1111 1311 1519 1368 hortabanturt
1582 1311 1951 1385 superiorum
2002 1311 2229 1368 dierum
2278 1311 2487 1368 Sabini

499 1401 831 1472 cunctati03
875 1399 1158 1478 perfugae
1197 1399 1595 1470 confir-metim
1640 1400 1833 1474 inopia
1866 1397 2237 1469 cibariorum,
2264 1400 2367 1458 cui
2400 1402 2486 1457 rei

501 1505 706 1566 parum
737 1489 1044 1565 diligenter
1081 1489 1155 1546 ab
1195 1489 1266 1545 iis
1305 1497 1429 1545 erat
1458 1488 1791 1564 provisum;
1834 1507 1967 1564 spes
1994 1487 2261 1546 Venetici
2304 1489 2481 1561 belli;

497 1588 558 1636 et
583 1580 734 1654 quod
765 1579 885 1637 fere
913 1579 1160 1636 libenter
1186 1579 1447 1636 homines
1486 1577 1563 1646 id,
1590 1577 1740 1653 quod
1772 1578 1988 1648 volunt,
2018 1579 2283 1637 credunt.
2369 1579 2483 1636 His

399 1675 472 1730 15
501 1670 674 1726 rebus
717 1669 967 1738 adducti,
997 1687 1109 1726 non
1155 1669 1316 1744 prius
1342 1666 1736 1724 Viridovicem.
1776 1667 2143 1743 reliquosque
2186 1669 2369 1726 duces
2408 1688 2481 1730 ex

497 1758 746 1814 cmeilio
771 1757 1078 1826 dimittunt,
1107 1775 1284 1831 quam
1327 1757 1399 1813 ab
1428 1756 1517 1814 his
1554 1757 1628 1812 sit
1672 1775 2033 1827 concessum,
2062 1775 2227 1814 arma
2256 1759 2339 1814 uti
2382 1778 2480 1816 ca-

499 1847 656 1919 piant
701 1855 758 1903 et
801 1847 870 1903 ad
913 1856 1108 1903 castra
1153 1845 1517 1904 contendant.
1602 1845 1739 1910 Qua
1784 1863 1847 1902 re
1895 1865 2187 1915 concesse,
2218 1846 2373 1916 laeti,
2418 1857 2481 1905 ut

497 1934 796 2009 explorata
839 1936 1100 2003 victoria,
1147 1934 1451 1992 sarmentis
1500 1933 1881 2010 virgultisque
1934 1936 2211 2005 collectiS,
2267 1937 2481 2012 quibus

499 2021 680 2080 fossas
709 2023 1100 2080 Romanorum
1129 2024 1471 2100 compleant,
1496 2024 1567 2080 ad
1595 2033 1785 2080 castra
1813 2033 2079 2100 pergunt.

391 2117 471 2173 20
579 2109 738 2169 XIX.
781 2111 978 2171 Locus
1023 2121 1150 2170 erat
1189 2124 1511 2171 castrorum
1558 2112 1761 2183 editus,
1810 2121 1869 2171 et
1916 2113 2194 2189 paulatim
2244 2115 2317 2173 ab
2364 2115 2477 2173 imo

497 2202 756 2271 accliviS,
785 2203 1020 2259 circiter
1048 2220 1252 2278 passus
1279 2203 1461 2259 mille.
1546 2202 1683 2259 Huc
1712 2220 1921 2279 magno
1962 2222 2144 2261 cursu
2170 2204 2475 2262 contende-

499 2301 651 2361 runt,
675 2301 738 2349 ut
765 2310 942 2367 quam
970 2292 1274 2349 minimum
1303 2292 1472 2367 spatii
1494 2291 1568 2348 ad
1588 2310 1653 2347 se
1680 2291 2033 2368 colligendos
2058 2293 2475 2369 armandosque

499 2379 776 2439 Romanis
816 2382 1066 2449 daretur,
1096 2381 1525 2456 exanimatique
1554 2390 1957 2456 pervenerunt.
2042 2381 2313 2452 SebinuS,
2344 2403 2477 2441 suos

497 2470 771 2540 hortatus,
795 2470 1162 2546 cupientibus
1187 2470 1423 2546 signum
1444 2469 1561 2527 dat.
1646 2468 1937 2545 Impeditis
1966 2470 2221 2527 hostibus
2248 2484 2477 2547 propter

391 2568 470 2621 2⁶
497 2578 586 2629 ea,
615 2578 768 2636 quae
798 2559 1074 2629 ferebant,
1091 2577 1288 2628 onera,
1311 2560 1501 2617 subito
1520 2558 1747 2616 duabus
1774 2559 1947 2635 portis
1972 2561 2333 2635 eruptionem
2352 2562 2475 2619 fieri

491 2648 676 2723 jubet.
762 2648 1011 2707 Factum
1037 2658 1124 2707 est
1149 2649 1571 2725 opportunitate
1598 2648 1729 2717 loci,
1772 2648 2019 2706 hostium
2061 2649 2367 2708 inscientia
2406 2671 2475 2709 ac

495 2736 918 2813 defatigatione,
943 2739 1156 2795 virtute
1185 2738 1452 2807 militum,
1482 2738 1845 2812 superiorum
1884 2756 2215 2815 pugnarum
2254 2743 2471 2799 exerci.

495 2826 726 2896 tatione,
755 2836 820 2884 ut
859 2844 934 2883 ne
961 2844 1148 2883 unum
1185 2826 1419 2902 quidem
1456 2836 1779 2885 nostrorum
1818 2826 2098 2901 impetum
2126 2826 2361 2897 ferrent,
2406 2849 2473 2887 ac

495 2916 690 2971 statim
715 2926 880 2989 terga
907 2924 1218 2972 verterent.
1301 2915 1469 2979 Quos
1508 2914 1813 2989 impeditos
1854 2915 2095 2991 integris
2122 2916 2345 2974 viribus
2372 2920 2470 2980 mi-

391 3008 470 3063 80
495 3002 624 3059 lites
651 3003 828 3061 nostri
855 3003 1172 3071 consecuti,
1201 3022 1481 3078 magnum
1508 3020 1819 3059 numerum
1844 3020 2049 3061 eorum
2090 3004 2467 3080 occiderunt3

494 3092 746 3168 reliquos
785 3091 1012 3166 equites
1049 3092 1383 3159 consectati,
1430 3109 1665 3167 paucos,
1708 3092 1809 3167 qui
1852 3108 1931 3153 ex
1970 3091 2111 3169 fuga
2148 3106 2469 3165 evaserant,

495 3180 874 3257 reliquerunt.
959 3180 1059 3237 Sic
1087 3198 1204 3237 uno
1243 3188 1515 3254 tempore,
1548 3190 1607 3237 et
1632 3180 1703 3237 de
1742 3180 1939 3237 navali
1980 3200 2177 3258 pugna
2204 3182 2467 3255 Sabinae,

493 3278 554 3327 et
569 3270 642 3327 de
661 3270 862 3327 Sabini
879 3270 1120 3327 victoria
1135 3269 1354 3326 Caesar
1370 3269 1581 3325 certior
1598 3268 1785 3327 factus
1807 3288 1823 3327 z
1866 3270 2247 3346 civitatesque
2272 3291 2467 3331 omnes

493 3378 558 3417 se
583 3361 776 3419 statim
817 3360 1046 3419 Titurio
1071 3360 1431 3419 dediderunt.
1515 3358 1574 3416 N
1580 3379 1693 3430 sm,
1724 3371 1787 3419 ut
1828 3360 1898 3419 ad
1928 3360 2081 3419 bella
2106 3364 2469 3439 suscipienda

393 3442 470 3497 35
495 3446 802 3505 Gallorum
831 3449 1026 3507 alacer
1053 3468 1124 3507 ec
1151 3458 1445 3525 promptus
1472 3457 1559 3505 est
1586 3450 1832 3519 enimus,
1862 3450 1947 3509 sic
1976 3450 2168 3509 mollis
2208 3470 2281 3509 ac
2308 3454 2466 3511 mini-

495 3550 588 3591 me
617 3537 894 3593 resistens
915 3537 989 3595 ad
1016 3538 1377 3595 calamitates
1404 3536 1777 3613 perferendas
1802 3556 1967 3597 mens
1988 3556 2190 3597 eorum
2218 3550 2325 3599 est.

576 3622 708 3683 XX.
753 3624 976 3683 Eodem
1016 3624 1138 3685 fere
1177 3636 1449 3702 tempore,
1493 3624 1559 3682 P.
1590 3624 1853 3697 Crassus,
1896 3646 2077 3703 quum
2124 3629 2186 3685 in
2221 3630 2462 3705 Aquite-

495 3708 653 3767 niam
679 3714 1051 3787 pervenisset,
1081 3732 1232 3788 quae
1261 3732 1413 3790 pars,
1443 3723 1507 3771 ut
1536 3723 1667 3771 ante
1694 3714 1915 3773 dictum
1940 3724 2047 3786 cst,
2072 3724 2145 3774 ‘et
2170 3719 2463 3793 regionum

495 3790 794 3855 latitudine
821 3807 880 3855 et
903 3799 1268 3857 multitudine
1293 3800 1593 3859 hoenhum
1616 3818 1693 3861 ex
1721 3804 1893 3861 tertia
1918 3814 2081 3879 parte
2110 3805 2345 3867 Galliae
2382 3819 2466 3869 ost
