2709 4300
212 315 439 370 omns
828 266 835 270 ¹
966 307 1163 360 maa
1194 309 1530 360 smmos
1781 371 1791 382 .
2195 299 2327 359 ιω

210 471 380 513 censu
410 467 593 528 quam
619 451 873 528 ipsorum
914 449 1131 508 habere
1159 449 1478 520 benefici03
1521 449 1626 506 tali
1671 447 1838 506 modo
1880 457 2209 518 accusatus,

208 544 279 602 ad
296 545 449 601 haec
468 541 755 618 respondit
776 560 790 597 :
814 540 985 605 Quod
1010 549 1203 597 castra
1224 539 1514 607 movisset,
1537 537 1753 596 factum
1776 539 1968 615 inopia
1989 538 2208 615 pabuli,

206 634 386 691 etiam
434 631 577 708 ipsis
616 628 1009 687 hortantibus:
1052 628 1205 704 quod
1253 629 1490 704 propius
1531 627 1820 685 Romanos
1849 629 2206 696 accessisset,

206 739 560 798 persuasum
604 719 718 777 loci
760 718 1201 794 opportunitate,
1230 718 1331 792 qui
1359 735 1424 774 se
1451 718 1640 794 ipsum
1667 717 1982 774 munitione
2009 714 2204 774 defen-

204 812 405 870 deret:
448 809 713 884 equitum
730 825 869 865 vero
896 823 1131 883 operam
1160 807 1351 883 neque
1377 807 1438 864 in
1467 807 1594 864 loco
1623 805 1866 882 palustri
1891 805 2205 864 desiderari
2231 809 2270 864 3

204 899 499 968 debuisse,
532 907 592 956 et
632 897 757 954 illic
798 895 979 954 fnisse
1020 895 1241 965 utilem,
1284 915 1402 972 quo
1439 896 1554 952 sint
1599 894 1874 971 profecti:
1917 913 2206 953 summam

204 988 439 1065 imperii
479 1005 543 1044 se
582 985 843 1044 consulto
880 985 1029 1042 nulli
1056 984 1446 1043 discedentem
1483 985 1804 1055 tradidisse,
1832 1003 1906 1043 ne
1935 985 1986 1042 is
2011 984 2204 1043 multi·

204 1079 425 1137 tudinis
468 1076 657 1134 studio
682 1075 763 1132 ad
796 1073 1191 1133 dimicandum
1230 1075 1662 1150 impelleretnr3
1707 1075 1806 1132 cui
1847 1075 1932 1132 rei
1973 1084 2206 1150 propter

204 1168 391 1225 animi
434 1165 735 1223 mollitiem
762 1163 997 1222 studere
1024 1181 1225 1220 omnes
1252 1163 1492 1233 videret,
1519 1163 1672 1240 quod
1699 1163 1918 1222 diutius
1945 1163 2202 1221 laborem

203 1255 365 1313 ferre
392 1271 507 1312 non
534 1261 779 1330 possent.
840 1251 1089 1310 Romani
1118 1252 1167 1309 si
1193 1269 1341 1310 casu
1369 1253 1800 1323 intervenerint,
1821 1252 2120 1326 fortunae3
2151 1254 2202 1310 si
2228 1253 2308 1312 10

204 1344 465 1419 alicujus
492 1343 707 1400 indicio
732 1342 943 1411 vocati,
973 1341 1113 1400 huic
1140 1341 1468 1399 habendam
1508 1343 1772 1418 gratiam,
1801 1342 1952 1418 quod
1977 1352 2036 1400 et
2063 1361 2202 1418 pau-

200 1434 445 1492 citatem
496 1449 699 1490 eorum
742 1450 820 1488 ex
868 1431 997 1488 loco
1042 1431 1341 1506 superiore
1396 1447 1763 1506 cognoscere,
1819 1441 1878 1488 et
1930 1433 2203 1488 virtutem

202 1521 509 1598 despicere
552 1522 879 1598 potuerint3
924 1520 1045 1596 qui,
1088 1519 1368 1576 dimicare
1407 1536 1522 1576 non
1565 1519 1710 1590 ausi,
1752 1521 1998 1595 turpiter
2037 1539 2100 1577 se
2141 1521 2204 1578 in

202 1621 403 1669 castra
448 1611 792 1687 receperint.
876 1609 1197 1685 Imperium
1228 1627 1291 1666 se
1320 1621 1360 1665 a
1383 1607 1635 1665 Caesare
1679 1625 1784 1683 per.
1830 1607 2204 1684 proditionem

203 1700 439 1756 nullum
468 1698 815 1768 desiderare,
832 1697 983 1774 quod
1008 1699 1223 1756 habere
1240 1697 1485 1755 victoria
1512 1707 1716 1772 posset,
1735 1715 1886 1773 quae
1907 1698 2030 1772 jam
2053 1707 2204 1756 esset
2233 1701 2330 1756 15·

204 1789 318 1847 sibi
348 1805 421 1848 ac
446 1788 715 1846 omnibus
742 1787 935 1845 Gallis
960 1787 1295 1863 exploratrix
1336 1787 1480 1862 quin
1509 1787 1684 1844 etiam
1713 1787 1852 1864 ipsis
1890 1787 2200 1859 remittere,

204 1879 259 1936 si
284 1877 397 1934 sibi
424 1877 615 1954 magis
639 1877 915 1934 honorem
942 1877 1216 1945 tribuere,
1244 1893 1426 1951 quam
1453 1875 1528 1932 ab
1549 1895 1616 1932 se
1644 1876 1892 1933 salutem
1933 1878 2202 1953 accipere

207 1965 534 2025 videantur.
618 1965 787 2022 Haec
818 1975 881 2022 ut
908 1965 1263 2040 intelligatis,
1285 1966 1488 2039 inquit,
1513 1965 1738 2022 sincere
1767 1985 1802 2022 a
1831 1984 1922 2024 me
1951 1980 2200 2043 pronun-

206 2055 356 2114 ciari
382 2073 399 2126 3
458 2053 653 2112 audite
703 2053 997 2111 Romanos
1046 2053 1277 2111 milites.
1363 2043 1636 2112 Producit
1682 2072 1896 2124 servos,
1945 2075 2091 2132 quos
2138 2058 2200 2114 in

206 2143 579 2221 pabulatione
605 2143 813 2219 paucis
836 2152 971 2203 ante
998 2141 1203 2201 diebus
1228 2155 1560 2220 exceperat,
1577 2154 1635 2203 et
1663 2143 1816 2203 fame
1829 2141 2198 2223 vinculisque
2223 2147 2304 2205 20

204 2234 671 2291 excruciaverat.
754 2232 857 2301 Hi,
884 2232 1007 2307 jam
1036 2242 1167 2290 ante
1184 2232 1388 2303 edocti,
1407 2251 1558 2309 quae
1587 2236 1920 2311 interrogati
1951 2252 2200 2311 pronun-

204 2322 448 2391 ciarent,
480 2320 695 2378 Milites
722 2329 787 2379 se
814 2340 941 2379 esse
969 2321 1315 2397 legionarios
1340 2322 1576 2387 dicunt:
1621 2321 1774 2380 fame
1801 2333 1858 2380 et
1885 2325 2076 2400 inopia
2104 2326 2200 2381 ad-

204 2410 413 2467 ductos
438 2409 596 2469 clam
624 2428 699 2467 ex
726 2411 933 2467 castris
958 2410 1165 2479 exisse,
1196 2410 1245 2467 si
1272 2411 1412 2487 quid
1442 2410 1716 2469 frumenti
1745 2422 1848 2467 aut
1877 2413 2100 2487 pecoris
2139 2414 2202 2469 in

206 2500 371 2575 agris
399 2500 651 2575 reperire
680 2508 943 2575 possent:
972 2498 1146 2556 simili
1174 2500 1402 2557 omnem
1423 2500 1745 2557 exercitum
1767 2500 1960 2575 inopia
1981 2502 2165 2576 premi
2184 2494 2238 2559 τ’

202 2602 319 2647 nec
354 2588 481 2663 jam
496 2588 677 2645 ·vires
716 2587 984 2645 sufficere
1026 2588 1323 2662 cuiquam,
1367 2607 1478 2645 nec
1523 2588 1675 2645 ferre
1711 2590 1902 2665 operis
1943 2588 2201 2649 laborem
2224 2598 2306 2652 25

202 2695 411 2753 posse:
454 2678 649 2752 itaque
676 2674 945 2734 statuisse
988 2677 1412 2753 imperatorem,
1441 2678 1491 2733 si
1519 2675 1661 2732 nihil
1691 2676 1752 2734 in
1779 2680 2202 2754 oppugnatione

200 2765 399 2843 oppidi
426 2765 779 2841 profecisset,
810 2764 1001 2823 triduo
1027 2765 1353 2823 exercitum
1383 2756 1692 2821 deducere.
1777 2764 1964 2836 Haec,
1995 2768 2198 2842 inquit,

204 2874 245 2912 a
272 2874 385 2923 me,
417 2854 880 2931 Vercingetorix,
912 2854 1196 2911 beneficia
1235 2854 1476 2922 habetis,
1505 2872 1678 2929 quern
1708 2854 2038 2930 proditionis
2065 2857 2200 2914 insi-

204 2943 447 3001 mulatis
470 2963 489 3016 ;
534 2944 707 3017 cujus
734 2960 911 3019 opera
930 2942 1055 3001 sine
1082 2952 1273 3000 vestro
1312 2944 1600 3019 sanguine
1627 2952 1851 3001 tantum
1879 2948 2202 3002 exercitum

206 3033 495 3089 victorem
516 3030 675 3091 fame
704 3048 889 3107 paene
918 3044 1326 3107 consumptum
1355 3032 1601 3105 videtis3
1645 3052 1838 3109 quem,
1867 3035 2112 3111 turpiter
2138 3052 2202 3091 se
2227 3038 2308 3097 30

206 3138 283 3179 ex
312 3120 425 3177 hac
454 3119 597 3196 fuga
624 3121 1018 3196 recipientem,
1046 3138 1121 3178 ne
1148 3139 1267 3196 qua
1294 3122 1504 3179 civitas
1529 3122 1652 3179 suis
1696 3122 1912 3181 finibus
1937 3124 2199 3199 recipiat,

207 3228 245 3265 a
272 3228 369 3266 me
398 3210 693 3285 provisum
722 3218 829 3266 est.

291 3296 458 3357 XXI.
513 3297 855 3357 Conclamat
908 3298 1097 3355 omnis
1158 3297 1486 3367 multitudo,
1541 3308 1600 3356 et
1653 3318 1760 3356 suo
1813 3316 1970 3357 more
2027 3302 2206 3359 armis

205 3396 559 3461 concrepat3
604 3386 758 3461 quod
804 3385 999 3445 facere
1042 3387 1104 3443 in
1150 3404 1221 3445 eo
1260 3397 1634 3457 consuerunt,
1677 3389 1849 3462 cujus
1889 3390 2204 3447 orationem

207 3474 563 3551 approbant:
606 3475 921 3533 Summum
962 3494 1091 3533 esse
1123 3474 1664 3553 Vercingetorigem
1709 3476 1938 3546 ducem,
1981 3494 2092 3535 nec
2131 3478 2204 3535 de
2230 3490 2306 3545 35

206 3563 339 3639 ejus
378 3562 493 3621 fide
532 3563 952 3636 dubitandum3
998 3582 1108 3622 nec
1150 3566 1370 3641 majore
1413 3565 1632 3622 ratione
1673 3564 1892 3623 bellum
1935 3566 2202 3625 adminis-

206 3653 351 3711 trari
392 3670 579 3729 posse.
662 3652 955 3723 Statuunt,
986 3663 1051 3711 ut
1076 3653 1289 3711 ducem
1328 3652 1514 3710 millia
1553 3654 1849 3711 hominum
1877 3654 2106 3713 delecta
2129 3674 2205 3713 ex

206 3742 479 3801 omnibus
518 3741 703 3817 copiis
728 3743 789 3799 in
814 3742 1089 3819 oppidum
1128 3742 1574 3801 submittantur:
1615 3761 1724 3801 neo
1759 3742 1896 3801 solis
1929 3744 2202 3821 Biturigi-

207 3830 321 3891 bus
344 3848 719 3891 munem
744 3830 995 3891 salutem
1020 3830 1490 3893 committendam
1515 3842 1792 3907 censent3
1835 3833 1988 3909 quod
2027 3849 2206 3911 penos
