2709 4300
297 323 412 372 cn.
431 324 526 378 ιι]
1103 323 1294 372 mnan
1333 323 1591 374 ramus,
2297 319 2387 378 -85

293 460 458 536 quod.
497 479 634 519 vero
689 461 760 518 ad
809 463 1123 518 amicitiam
1173 462 1379 539 Populi
1424 463 1667 522 Romani
1712 461 2057 542 attulissent,
2106 463 2165 522 id
2208 461 2281 521 iis

293 551 462 626 eripi,
491 551 624 625 quis
650 551 768 626 pati
797 560 986 626 posset
1009 551 1035 606 ’.ἱ
1118 551 1437 610 Postulavit
1464 553 1671 610 deinde
1698 552 1921 624 eadem,
1940 571 2091 629 quae
2118 552 2276 630 lega-

291 641 372 697 tis
413 639 474 696 in
515 638 800 697 mandatis
841 638 1122 711 dederat;
1167 640 1264 697 Ne
1307 652 1409 699 aut
1438 641 1681 712 AeduiS,
1712 651 1813 700 aut
1856 659 2057 700 eorum
2085 642 2275 713 sociis,

291 728 516 786 bellum
543 726 823 800 inferret3
867 727 1092 786 obsides
1121 729 1419 788 redderet:
1462 731 1511 788 si
1540 731 1763 788 nullam
1791 741 2011 808 partem
2034 730 2275 788 Germa-

291 834 502 874 norum
531 816 766 875 domum
793 819 1083 876 remittere
1111 828 1314 894 posset,
1345 829 1405 878 at
1440 831 1515 877 ne
1542 838 1687 894 quos
1726 819 1975 895 amplius
2004 819 2275 878 Rhenum
2301 823 2343 878 5

289 907 540 964 transire
569 914 880 982 pateretur.
1728 972 1745 981 ,
2012 927 2021 938 ·

374 994 598 1052 XLIV.
642 995 972 1052 Ariovistus
999 995 1070 1052 ad
1099 995 1385 1071 postulata
1411 996 1681 1056 Caesaris
1708 1016 1899 1075 pauca
1939 997 2229 1074 respondit
2251 1017 2271 1071 ς

291 1085 364 1141 de
409 1086 534 1142 suis
577 1085 886 1142 virtutibus
941 1085 1126 1142 multa
1177 1086 1569 1161 praedicavit:
1634 1087 1957 1167 Transisse,
1998 1087 2275 1146 Rhenum

287 1191 420 1245 sese
467 1191 580 1230 non
619 1191 730 1230 sua
769 1183 984 1248 sponte,
1027 1173 1126 1231 sed
1171 1184 1435 1250 rogatum
1476 1185 1533 1232 et
1576 1177 1913 1234 arcessitum
1964 1195 1999 1234 a
2040 1175 2269 1250 Gallis3

231 1309 238 1316 .
287 1279 408 1318 non
435 1262 560 1318 sine
589 1281 805 1338 magna
832 1281 932 1338 spe
959 1264 1302 1340 magnisque
1344 1265 1617 1340 praemiis
1644 1264 1876 1322 domum
1902 1267 2269 1342 propinquos·
2300 1267 2377 1324 1⁰

284 1369 408 1426 que
439 1350 782 1424 reliquisse;
828 1351 994 1408 sedes
1033 1351 1248 1408 habere
1290 1353 1349 1408 in
1380 1351 1597 1422 Gallia,
1630 1354 1699 1411 ab
1741 1354 1881 1428 ipsis
1922 1372 2267 1428 concessas;

265 1438 516 1496 ‚obsides
533 1440 788 1515 ipsorum
807 1431 1100 1498 voluntate
1118 1439 1314 1511 datos3
1347 1440 1696 1516 stipendium
1724 1459 1933 1516 capere
1955 1442 2091 1517 jure
2113 1443 2268 1514 belli,

285 1527 444 1601 quod
471 1529 722 1586 victores
763 1529 934 1586 victis
977 1528 1272 1604 imponere
1313 1530 1689 1600 consu-erint3
1734 1548 1846 1586 non
1891 1541 2037 1587 sese·
2062 1529 2269 1602 Gallis,

188 1629 198 1636 ·
284 1615 392 1672 sed
431 1615 637 1674 Gallos
677 1617 786 1674 sibi
814 1617 1030 1674 bellum
1069 1615 1374 1688 intulisse3
1419 1634 1617 1675 omnes
1648 1614 1879 1676 Galliae
1906 1618 2170 1677 civitates
2198 1619 2270 1677 ad

285 1723 352 1762 se
379 1704 829 1781 oppugnandum
858 1706 1104 1775 venisse,
1136 1724 1207 1762 ac
1249 1715 1449 1764 contra
1490 1721 1552 1762 se
1580 1715 1774 1764 castra
1814 1706 2124 1778 habuisse3
2168 1726 2271 1766 eas
2300 1709 2375 1764 15

281 1811 489 1851 omnes
529 1795 724 1870 copias
769 1814 804 1852 a
844 1813 908 1852 se
955 1811 1068 1852 uno
1108 1793 1326 1870 proelio
1370 1793 1529 1852 susas
1562 1814 1633 1852 ac
1676 1805 1977 1870 superatas
2004 1815 2173 1869 esse;
2218 1797 2269 1854 si

285 1883 500 1940 iterum
545 1879 792 1958 experiri
841 1883 1040 1953 velint,
1087 1884 1295 1942 iterum
1341 1891 1609 1960 paratum
1656 1903 1789 1942 sese
1836 1884 2171 1958 decertar03
2218 1887 2269 1944 si

285 1990 432 2048 pace
477 1973 561 2029 uti
589 1971 785 2041 velint,
831 1973 1096 2046 iniquum
1138 1991 1284 2042 esse,
1334 1972 1407 2030 de
1452 1972 1731 2050 stipendio
1774 1991 2067 2044 recusare,
2112 1975 2268 2051 quod

285 2078 395 2117 sua
423 2060 716 2119 voluntate
747 2060 820 2119 ad
846 2061 904 2118 id
945 2071 1172 2137 tempus
1214 2057 1607 2138 pependerint.
1693 2062 2031 2121 Amicitiam
2060 2063 2266 2140 Populi

287 2150 538 2209 Romani
590 2150 700 2207 sibi
753 2160 1090 2209 ornamento
1133 2159 1191 2208 et
1239 2150 1542 2227 praesidio,
1593 2168 1707 2209 non
1756 2152 2095 2211 detrimento
2138 2172 2265 2212 esse
2292 2154 2371 2209 20

283 2248 578 2315 oportere:
619 2239 792 2315 idque
819 2258 882 2297 se
911 2258 982 2297 ea
999 2258 1102 2316 spe
1131 2242 1359 2317 petisse.
1418 2239 1481 2297 Si
1504 2258 1606 2316 per
1622 2240 1905 2316 Populum
1936 2242 2265 2301 Romanum

284 2326 631 2403 stipendium
673 2329 1013 2398 remittatur,
1057 2338 1114 2386 et
1155 2328 1396 2386 dedititii
1440 2329 1869 2398 subtrahantur,
1914 2348 2027 2387 non
2072 2332 2266 2389 minus

285 2416 532 2475 libenter
557 2436 684 2475 sese
727 2427 1130 2477 recusaturum
1175 2416 1379 2493 Populi
1419 2416 1667 2473 Romani
1710 2417 2043 2485 amicitiam,
2088 2411 2267 2492 quain

283 2506 606 2583 appetierit.
709 2504 881 2571 Quod
937 2505 1365 2565 multitudinem
1415 2504 1843 2562 Germanorum
1886 2505 1947 2559 in
2008 2503 2265 2563 Galliam

283 2594 636 2663 transducat,
681 2593 740 2651 id
783 2613 846 2650 se
887 2594 980 2650 sui
1023 2594 1339 2662 muniendi,
1383 2611 1497 2649 non
1542 2591 1773 2651 Galliae
1816 2592 2262 2669 impugnandae,
2290 2595 2371 2650 25

283 2700 465 2741 causa
495 2680 726 2755 facere3
773 2682 900 2757 ejus
929 2683 1012 2739 rei
1055 2683 1441 2739 testimonium
1482 2699 1627 2750 esse,
1657 2680 1825 2755 quod,
1856 2682 1966 2737 nisi
2010 2692 2263 2758 rogatus,

281 2790 395 2829 non
426 2772 667 2841 venerit,
689 2778 748 2828 et
775 2768 926 2847 quod
954 2770 1171 2827 bellum
1199 2788 1312 2827 non
1341 2768 1616 2838 intulerit,
1644 2767 1745 2825 sed
1768 2767 2102 2827 defenderit.
2186 2770 2265 2827 Se

281 2860 444 2936 prius
469 2860 532 2915 in
561 2858 816 2917 Galliam
845 2860 1088 2928 venisse,
1117 2876 1292 2935 quam
1337 2856 1621 2932 Populum
1665 2856 2013 2915 Romanum.
2095 2857 2155 2915 N
2161 2875 2262 2914 un-

281 2966 461 3023 quam
509 2958 640 3005 ante
689 2948 797 3005 hoc
844 2958 1070 3023 tempus
1117 2947 1441 3003 exercitum
1488 2946 1693 3022 Populi
1738 2944 1983 3002 Romani
2033 2944 2265 3003 Galliae

281 3037 611 3113 provinciae
648 3036 794 3093 fines
835 3053 1154 3111 egressum.
1237 3034 1398 3099 Quid
1425 3034 1535 3091 sibi
1576 3034 1817 3092 vellet'i'
1876 3032 2000 3091 Cur
2026 3034 2086 3089 in
2128 3050 2265 3091 suas
2290 3036 2369 3091 3⁰

282 3126 667 3201 possessiones
693 3125 916 3183 veniret
939 3124 964 3180 2
1047 3124 1415 3183 Provinciam
1443 3140 1608 3180 suam
1638 3140 1763 3181 esse
1791 3122 1943 3180 hanc
1986 3120 2263 3192 Galliam,

281 3214 456 3271 sicuti
497 3214 658 3271 illam
699 3222 972 3271 nostram.
1058 3212 1138 3270 Ut
1181 3212 1288 3289 ipsi
1333 3211 1571 3269 concedi
1613 3230 1727 3269 non
1770 3219 2069 3286 oporteret,
2112 3210 2162 3266 si
2203 3210 2266 3267 in

281 3312 503 3359 nostros
544 3302 690 3359 fines
737 3302 1014 3377 impetum
1063 3296 1322 3357 faceret:
1386 3302 1473 3359 sic
1517 3301 1655 3356 item
1700 3316 1805 3355 nos
1848 3318 1975 3355 esse
2018 3298 2263 3374 iniquos,

281 3388 434 3467 quod
461 3392 522 3447 in
550 3407 654 3447 suo
675 3391 812 3466 jure
839 3410 901 3447 se
931 3388 1449 3465 interpellaremus·
1532 3384 1705 3452 Quod
1748 3385 1955 3445 fratres
1982 3406 2018 3444 a
2045 3386 2265 3445 Senatu

283 3478 526 3536 Aeduos
551 3478 866 3555 appellatos
894 3477 1128 3548 diceret,
1157 3496 1272 3535 non
1312 3496 1375 3534 se
1417 3486 1536 3534 tam
1577 3475 1888 3532 barbarum
1928 3493 2117 3550 neque
2145 3484 2263 3531 tam
2291 3478 2371 3534 35

282 3567 614 3643 imperitum
643 3586 768 3625 esse
797 3584 1011 3637 rerum,
1043 3577 1108 3624 ut
1133 3584 1248 3623 non
1275 3567 1469 3635 sciret,
1488 3583 1677 3640 neque
1705 3563 1854 3620 bello
1883 3562 2267 3639 Allobrogum

283 3656 542 3731 proximo
563 3654 801 3713 Aeduos
829 3652 1106 3712 Romanis
1133 3654 1420 3711 auxilium
1447 3653 1667 3722 tulisse,
1694 3670 1881 3727 neque
1908 3652 2059 3727 ipsos
2086 3652 2147 3707 in
2174 3650 2266 3709 his

285 3745 760 3812 contentionibus»,
789 3761 934 3819 quas
963 3744 1158 3801 Aedui
1198 3760 1399 3800 secum
1436 3752 1493 3801 et
1533 3760 1669 3801 cum
1708 3740 1993 3815 Sequanis
2034 3738 2262 3797 habuis-

285 3840 428 3902 sent,
459 3832 678 3890 auxilio
705 3830 910 3909 Populi
950 3830 1196 3889 Romani
1225 3850 1359 3889 usos
1383 3850 1529 3889 esse.
1613 3828 1841 3889 Debere
1869 3847 1933 3887 se
1958 3826 2263 3907 suspicari,
