<?xml version="1.0" encoding="UTF-8"?>
<!DOCTYPE html PUBLIC "-//W3C//DTD XHTML 1.0 Transitional//EN"
    "http://www.w3.org/TR/xhtml1/DTD/xhtml1-transitional.dtd">
<html xmlns="http://www.w3.org/1999/xhtml" xml:lang="en" lang="en">
 <head>
  <title>
</title>
<meta http-equiv="Content-Type" content="text/html;charset=utf-8" />
  <meta name='ocr-system' content='tesseract 3.04.00' />
  <meta name='ocr-capabilities' content='ocr_page ocr_carea ocr_par ocr_line ocrx_word'/>
</head>
<body>
  <div class='ocr_page' id='page_1' title='image "./cjuliuscaesarsc01spengoog_0069.png"; bbox 0 0 2709 4300; ppageno 0'>
   <div class='ocr_carea' id='block_1_1' title="bbox 267 259 2375 322">
    <p class='ocr_par' dir='ltr' id='par_1_1' title="bbox 267 259 2375 322">
     <span class='ocr_line' id='line_1_1' title="bbox 267 259 2375 322; baseline 0.003 -14"><span class='ocrx_word' id='word_1_1' title='bbox 267 262 388 308; x_wconf 69' lang='lat' dir='ltr'><strong>cn.</strong></span> <span class='ocrx_word' id='word_1_2' title='bbox 407 261 528 315; x_wconf 59' lang='grc' dir='ltr'><strong>ω]</strong></span> <span class='ocrx_word' id='word_1_3' title='bbox 1043 261 1236 308; x_wconf 75' lang='lat' dir='ltr'><strong>unna</strong></span> <span class='ocrx_word' id='word_1_4' title='bbox 1269 260 1599 314; x_wconf 63' lang='lat' dir='ltr'><strong>munus„</strong></span> <span class='ocrx_word' id='word_1_5' title='bbox 2290 259 2375 322; x_wconf 73' lang='lat'><strong>50</strong></span> 
     </span>
    </p>
   </div>
   <div class='ocr_carea' id='block_1_2' title="bbox 247 397 2371 3883">
    <p class='ocr_par' dir='ltr' id='par_1_2' title="bbox 261 397 2367 1530">
     <span class='ocr_line' id='line_1_2' title="bbox 351 397 2268 476; baseline 0.003 -20"><span class='ocrx_word' id='word_1_6' title='bbox 351 397 493 458; x_wconf 88' lang='lat' dir='ltr'><strong>VII.</strong></span> <span class='ocrx_word' id='word_1_7' title='bbox 536 397 650 456; x_wconf 83' lang='lat' dir='ltr'><strong>His</strong></span> <span class='ocrx_word' id='word_1_8' title='bbox 692 398 868 458; x_wconf 85' lang='lat' dir='ltr'><strong>rebus</strong></span> <span class='ocrx_word' id='word_1_9' title='bbox 905 398 1106 476; x_wconf 72' lang='lat' dir='ltr'><strong>gestie,</strong></span> <span class='ocrx_word' id='word_1_10' title='bbox 1147 417 1332 475; x_wconf 86' lang='lat' dir='ltr'><strong>quum</strong></span> <span class='ocrx_word' id='word_1_11' title='bbox 1380 400 1649 458; x_wconf 85' lang='lat' dir='ltr'><strong>omnibus</strong></span> <span class='ocrx_word' id='word_1_12' title='bbox 1694 399 1767 458; x_wconf 93' lang='lat' dir='ltr'><strong>de</strong></span> <span class='ocrx_word' id='word_1_13' title='bbox 1808 401 2007 460; x_wconf 85' lang='lat' dir='ltr'><strong>causis</strong></span> <span class='ocrx_word' id='word_1_14' title='bbox 2046 401 2268 464; x_wconf 81' lang='lat' dir='ltr'><strong>Caesar</strong></span> 
     </span>
     <span class='ocr_line' id='line_1_3' title="bbox 269 490 2265 570; baseline 0.003 -22"><span class='ocrx_word' id='word_1_15' title='bbox 269 499 544 566; x_wconf 80' lang='lat' dir='ltr'><strong>pacatam</strong></span> <span class='ocrx_word' id='word_1_16' title='bbox 573 490 830 548; x_wconf 88' lang='lat' dir='ltr'><strong>Galliam</strong></span> <span class='ocrx_word' id='word_1_17' title='bbox 857 492 1230 561; x_wconf 84' lang='lat' dir='ltr'><strong>existimaret,</strong></span> <span class='ocrx_word' id='word_1_18' title='bbox 1259 493 1547 568; x_wconf 85' lang='lat' dir='ltr'><strong>superatis</strong></span> <span class='ocrx_word' id='word_1_19' title='bbox 1572 491 1789 568; x_wconf 79' lang='lat' dir='ltr'><strong>Belgis,</strong></span> <span class='ocrx_word' id='word_1_20' title='bbox 1819 493 2077 570; x_wconf 85' lang='lat' dir='ltr'><strong>expulsis</strong></span> <span class='ocrx_word' id='word_1_21' title='bbox 2118 493 2265 554; x_wconf 83' lang='lat' dir='ltr'><strong>Ger·</strong></span> 
     </span>
     <span class='ocr_line' id='line_1_4' title="bbox 269 580 2265 658; baseline 0.003 -22"><span class='ocrx_word' id='word_1_22' title='bbox 269 580 480 650; x_wconf 83' lang='lat' dir='ltr'><strong>manis,</strong></span> <span class='ocrx_word' id='word_1_23' title='bbox 528 580 698 641; x_wconf 80' lang='lat' dir='ltr'><strong>victis</strong></span> <span class='ocrx_word' id='word_1_24' title='bbox 737 581 798 638; x_wconf 89' lang='lat' dir='ltr'><strong>in</strong></span> <span class='ocrx_word' id='word_1_25' title='bbox 827 580 1081 658; x_wconf 78' lang='lat' dir='ltr'>Alpibus</span> <span class='ocrx_word' id='word_1_26' title='bbox 1129 580 1399 652; x_wconf 84' lang='lat' dir='ltr'><strong>Sedunis,</strong></span> <span class='ocrx_word' id='word_1_27' title='bbox 1444 591 1617 658; x_wconf 86' lang='lat' dir='ltr'><strong>atque</strong></span> <span class='ocrx_word' id='word_1_28' title='bbox 1656 582 1739 640; x_wconf 86' lang='lat' dir='ltr'><strong>ita</strong></span> <span class='ocrx_word' id='word_1_29' title='bbox 1786 582 1930 640; x_wconf 86' lang='lat' dir='ltr'><strong>inita</strong></span> <span class='ocrx_word' id='word_1_30' title='bbox 1969 583 2161 642; x_wconf 90' lang='lat' dir='ltr'><strong>hieme</strong></span> <span class='ocrx_word' id='word_1_31' title='bbox 2202 583 2265 642; x_wconf 87' lang='lat' dir='ltr'><strong>in</strong></span> 
     </span>
     <span class='ocr_line' id='line_1_5' title="bbox 267 667 2267 748; baseline 0.003 -22"><span class='ocrx_word' id='word_1_32' title='bbox 267 667 582 744; x_wconf 84' lang='lat' dir='ltr'><strong>Illyricum</strong></span> <span class='ocrx_word' id='word_1_33' title='bbox 609 667 903 748; x_wconf 87' lang='lat' dir='ltr'><strong>profectus</strong></span> <span class='ocrx_word' id='word_1_34' title='bbox 929 679 1100 740; x_wconf 81' lang='lat' dir='ltr'><strong>esset,</strong></span> <span class='ocrx_word' id='word_1_35' title='bbox 1127 669 1282 746; x_wconf 89' lang='lat' dir='ltr'><strong>quod</strong></span> <span class='ocrx_word' id='word_1_36' title='bbox 1319 689 1421 730; x_wconf 85' lang='lat' dir='ltr'><strong>eas</strong></span> <span class='ocrx_word' id='word_1_37' title='bbox 1446 689 1675 747; x_wconf 87' lang='lat' dir='ltr'><strong>quoque</strong></span> <span class='ocrx_word' id='word_1_38' title='bbox 1704 671 1965 730; x_wconf 87' lang='lat' dir='ltr'><strong>nationes</strong></span> <span class='ocrx_word' id='word_1_39' title='bbox 1998 671 2177 743; x_wconf 83' lang='lat' dir='ltr'><strong>adire,</strong></span> <span class='ocrx_word' id='word_1_40' title='bbox 2206 681 2267 732; x_wconf 84' lang='lat' dir='ltr'><strong>et</strong></span> 
     </span>
     <span class='ocr_line' id='line_1_6' title="bbox 267 757 2327 836; baseline 0.003 -22"><span class='ocrx_word' id='word_1_41' title='bbox 267 758 539 836; x_wconf 74' lang='lat' dir='ltr'>regiones</span> <span class='ocrx_word' id='word_1_42' title='bbox 565 777 916 835; x_wconf 78' lang='lat' dir='ltr'><strong>cognoscere</strong></span> <span class='ocrx_word' id='word_1_43' title='bbox 941 758 1185 830; x_wconf 83' lang='lat' dir='ltr'><strong>volebat,</strong></span> <span class='ocrx_word' id='word_1_44' title='bbox 1213 760 1472 817; x_wconf 88' lang='lat' dir='ltr'><strong>subitum</strong></span> <span class='ocrx_word' id='word_1_45' title='bbox 1511 757 1729 818; x_wconf 88' lang='lat' dir='ltr'><strong>bellum</strong></span> <span class='ocrx_word' id='word_1_46' title='bbox 1768 759 1831 818; x_wconf 88' lang='lat' dir='ltr'><strong>in</strong></span> <span class='ocrx_word' id='word_1_47' title='bbox 1875 760 2073 818; x_wconf 83' lang='lat' dir='ltr'><strong>Gallia</strong></span> <span class='ocrx_word' id='word_1_48' title='bbox 2104 779 2261 820; x_wconf 88' lang='lat' dir='ltr'><strong>coor-</strong></span> <span class='ocrx_word' id='word_1_49' title='bbox 2288 770 2327 826; x_wconf 75' lang='lat'><strong>5</strong></span> 
     </span>
     <span class='ocr_line' id='line_1_7' title="bbox 263 847 2265 924; baseline 0.002 -18"><span class='ocrx_word' id='word_1_50' title='bbox 263 857 396 906; x_wconf 83' lang='lat' dir='ltr'><strong>tum</strong></span> <span class='ocrx_word' id='word_1_51' title='bbox 423 857 530 906; x_wconf 86' lang='lat' dir='ltr'><strong>est.</strong></span> <span class='ocrx_word' id='word_1_52' title='bbox 613 847 768 924; x_wconf 83' lang='lat' dir='ltr'><strong>Ejus</strong></span> <span class='ocrx_word' id='word_1_53' title='bbox 801 848 942 906; x_wconf 91' lang='lat' dir='ltr'><strong>belli</strong></span> <span class='ocrx_word' id='word_1_54' title='bbox 969 849 1118 908; x_wconf 79' lang='lat' dir='ltr'><strong>haec</strong></span> <span class='ocrx_word' id='word_1_55' title='bbox 1147 847 1259 906; x_wconf 25' lang='lat' dir='ltr'><strong>fuit.</strong></span> <span class='ocrx_word' id='word_1_56' title='bbox 1281 866 1465 907; x_wconf 88' lang='lat' dir='ltr'><strong>causa</strong></span> <span class='ocrx_word' id='word_1_57' title='bbox 1485 868 1500 906; x_wconf 72' lang='grc' dir='ltr'><strong>ε</strong></span> <span class='ocrx_word' id='word_1_58' title='bbox 1522 849 1609 923; x_wconf 47' lang='lat' dir='ltr'><strong>,P.</strong></span> <span class='ocrx_word' id='word_1_59' title='bbox 1637 848 1889 908; x_wconf 82' lang='lat' dir='ltr'><strong>Crassus</strong></span> <span class='ocrx_word' id='word_1_60' title='bbox 1928 849 2265 910; x_wconf 75' lang='lat' dir='ltr'><strong>adolescens</strong></span> 
     </span>
     <span class='ocr_line' id='line_1_8' title="bbox 265 937 2265 1015; baseline 0.002 -21"><span class='ocrx_word' id='word_1_61' title='bbox 265 955 408 1003; x_wconf 86' lang='lat' dir='ltr'><strong>cum</strong></span> <span class='ocrx_word' id='word_1_62' title='bbox 455 937 686 1014; x_wconf 86' lang='lat' dir='ltr'><strong>legione</strong></span> <span class='ocrx_word' id='word_1_63' title='bbox 711 938 956 1015; x_wconf 83' lang='lat' dir='ltr'><strong>septima</strong></span> <span class='ocrx_word' id='word_1_64' title='bbox 1001 938 1298 1014; x_wconf 83' lang='lat' dir='ltr'><strong>proximus</strong></span> <span class='ocrx_word' id='word_1_65' title='bbox 1325 956 1489 998; x_wconf 88' lang='lat' dir='ltr'><strong>mare</strong></span> <span class='ocrx_word' id='word_1_66' title='bbox 1538 938 1845 999; x_wconf 77' lang='lat' dir='ltr'><strong>Ocea-num</strong></span> <span class='ocrx_word' id='word_1_67' title='bbox 1891 938 1953 996; x_wconf 89' lang='lat' dir='ltr'><strong>in</strong></span> <span class='ocrx_word' id='word_1_68' title='bbox 1994 939 2265 998; x_wconf 80' lang='lat' dir='ltr'><strong>Andibus</strong></span> 
     </span>
     <span class='ocr_line' id='line_1_9' title="bbox 265 1025 2261 1106; baseline 0.002 -22"><span class='ocrx_word' id='word_1_69' title='bbox 265 1027 574 1086; x_wconf 77' lang='lat' dir='ltr'><strong>hiemaret.</strong></span> <span class='ocrx_word' id='word_1_70' title='bbox 661 1025 737 1096; x_wconf 87' lang='lat' dir='ltr'><strong>Is,</strong></span> <span class='ocrx_word' id='word_1_71' title='bbox 769 1025 922 1102; x_wconf 83' lang='lat' dir='ltr'><strong>quod</strong></span> <span class='ocrx_word' id='word_1_72' title='bbox 963 1027 1024 1084; x_wconf 89' lang='lat' dir='ltr'><strong>in</strong></span> <span class='ocrx_word' id='word_1_73' title='bbox 1067 1025 1160 1084; x_wconf 89' lang='lat' dir='ltr'><strong>his</strong></span> <span class='ocrx_word' id='word_1_74' title='bbox 1199 1027 1344 1086; x_wconf 87' lang='lat' dir='ltr'><strong>locis</strong></span> <span class='ocrx_word' id='word_1_75' title='bbox 1385 1028 1579 1106; x_wconf 88' lang='lat' dir='ltr'><strong>inopia</strong></span> <span class='ocrx_word' id='word_1_76' title='bbox 1620 1027 1897 1086; x_wconf 80' lang='lat' dir='ltr'><strong>frumenti</strong></span> <span class='ocrx_word' id='word_1_77' title='bbox 1926 1037 2069 1098; x_wconf 87' lang='lat' dir='ltr'><strong>erat,</strong></span> <span class='ocrx_word' id='word_1_78' title='bbox 2100 1046 2261 1105; x_wconf 80' lang='lat' dir='ltr'><strong>prae·</strong></span> 
     </span>
     <span class='ocr_line' id='line_1_10' title="bbox 265 1114 2265 1200; baseline 0.001 -25"><span class='ocrx_word' id='word_1_79' title='bbox 265 1114 468 1186; x_wconf 78' lang='lat' dir='ltr'><strong>sectos,</strong></span> <span class='ocrx_word' id='word_1_80' title='bbox 514 1116 890 1192; x_wconf 79' lang='lat' dir='ltr'><strong>tribunosque</strong></span> <span class='ocrx_word' id='word_1_81' title='bbox 917 1115 1166 1174; x_wconf 88' lang='lat' dir='ltr'><strong>militum</strong></span> <span class='ocrx_word' id='word_1_82' title='bbox 1194 1117 1525 1193; x_wconf 78' lang='lat' dir='ltr'><strong>complures</strong></span> <span class='ocrx_word' id='word_1_83' title='bbox 1568 1118 1631 1174; x_wconf 89' lang='lat' dir='ltr'><strong>in</strong></span> <span class='ocrx_word' id='word_1_84' title='bbox 1678 1117 1969 1200; x_wconf 40' lang='lat' dir='ltr'><strong>finitimas&#39;</strong></span> <span class='ocrx_word' id='word_1_85' title='bbox 1998 1118 2265 1176; x_wconf 86' lang='lat' dir='ltr'><strong>civitates</strong></span> 
     </span>
     <span class='ocr_line' id='line_1_11' title="bbox 265 1204 2367 1284; baseline 0.004 -22"><span class='ocrx_word' id='word_1_86' title='bbox 265 1204 546 1264; x_wconf 86' lang='lat' dir='ltr'><strong>frumenti</strong></span> <span class='ocrx_word' id='word_1_87' title='bbox 587 1215 1056 1281; x_wconf 75' lang='lat' dir='ltr'><strong>commeatusque</strong></span> <span class='ocrx_word' id='word_1_88' title='bbox 1103 1205 1334 1284; x_wconf 88' lang='lat' dir='ltr'><strong>petendi</strong></span> <span class='ocrx_word' id='word_1_89' title='bbox 1382 1225 1565 1264; x_wconf 86' lang='lat' dir='ltr'><strong>causa</strong></span> <span class='ocrx_word' id='word_1_90' title='bbox 1602 1205 1849 1264; x_wconf 87' lang='lat' dir='ltr'><strong>dimisit:</strong></span> <span class='ocrx_word' id='word_1_91' title='bbox 1870 1224 2007 1282; x_wconf 72' lang='lat' dir='ltr'><strong>‚quo</strong></span> <span class='ocrx_word' id='word_1_92' title='bbox 2054 1207 2115 1264; x_wconf 89' lang='lat' dir='ltr'><strong>in</strong></span> <span class='ocrx_word' id='word_1_93' title='bbox 2154 1225 2261 1266; x_wconf 85' lang='lat' dir='ltr'><strong>nu·</strong></span> <span class='ocrx_word' id='word_1_94' title='bbox 2292 1211 2367 1270; x_wconf 85' lang='lat'><strong>10</strong></span> 
     </span>
     <span class='ocr_line' id='line_1_12' title="bbox 263 1293 2263 1368; baseline 0.002 -18"><span class='ocrx_word' id='word_1_95' title='bbox 263 1312 428 1352; x_wconf 87' lang='lat' dir='ltr'><strong>mero</strong></span> <span class='ocrx_word' id='word_1_96' title='bbox 469 1303 596 1352; x_wconf 81' lang='lat' dir='ltr'><strong>erat</strong></span> <span class='ocrx_word' id='word_1_97' title='bbox 637 1293 713 1352; x_wconf 88' lang='lat' dir='ltr'><strong>T.</strong></span> <span class='ocrx_word' id='word_1_98' title='bbox 743 1293 1134 1368; x_wconf 73' lang='lat' dir='ltr'><strong>Terrasidius,</strong></span> <span class='ocrx_word' id='word_1_99' title='bbox 1165 1295 1377 1352; x_wconf 82' lang='lat' dir='ltr'><strong>missus</strong></span> <span class='ocrx_word' id='word_1_100' title='bbox 1424 1294 1485 1352; x_wconf 87' lang='lat' dir='ltr'><strong>in</strong></span> <span class='ocrx_word' id='word_1_101' title='bbox 1527 1293 1769 1354; x_wconf 78' lang='lat' dir='ltr'><strong>Unellos</strong></span> <span class='ocrx_word' id='word_1_102' title='bbox 1786 1315 1806 1368; x_wconf 79' lang='lat'><em>3</em></span> <span class='ocrx_word' id='word_1_103' title='bbox 1874 1293 1957 1352; x_wconf 88' lang='lat' dir='ltr'><strong>M.</strong></span> <span class='ocrx_word' id='word_1_104' title='bbox 2010 1294 2263 1354; x_wconf 87' lang='lat' dir='ltr'><strong>Trebius</strong></span> 
     </span>
     <span class='ocr_line' id='line_1_13' title="bbox 265 1377 2261 1456; baseline 0 -14"><span class='ocrx_word' id='word_1_105' title='bbox 265 1381 500 1454; x_wconf 77' lang='lat' dir='ltr'><strong>Gallus,</strong></span> <span class='ocrx_word' id='word_1_106' title='bbox 543 1384 604 1442; x_wconf 91' lang='lat' dir='ltr'><strong>in</strong></span> <span class='ocrx_word' id='word_1_107' title='bbox 643 1382 1022 1445; x_wconf 79' lang='lat' dir='ltr'><strong>Curiosolitas</strong></span> <span class='ocrx_word' id='word_1_108' title='bbox 1037 1401 1058 1456; x_wconf 89' lang='lat'>;</span> <span class='ocrx_word' id='word_1_109' title='bbox 1102 1382 1182 1449; x_wconf 83' lang='lat' dir='ltr'><strong>Q.</strong></span> <span class='ocrx_word' id='word_1_110' title='bbox 1225 1377 1533 1454; x_wconf 73' lang='lat' dir='ltr'><strong>VelaniuS,</strong></span> <span class='ocrx_word' id='word_1_111' title='bbox 1563 1401 1701 1442; x_wconf 88' lang='lat' dir='ltr'><strong>cum</strong></span> <span class='ocrx_word' id='word_1_112' title='bbox 1742 1383 1821 1442; x_wconf 88' lang='lat' dir='ltr'><strong>T.</strong></span> <span class='ocrx_word' id='word_1_113' title='bbox 1852 1383 2013 1452; x_wconf 85' lang='lat' dir='ltr'><strong>Silio,</strong></span> <span class='ocrx_word' id='word_1_114' title='bbox 2055 1385 2117 1442; x_wconf 89' lang='lat' dir='ltr'><strong>in</strong></span> <span class='ocrx_word' id='word_1_115' title='bbox 2144 1383 2261 1442; x_wconf 89' lang='lat' dir='ltr'><strong>Ve-</strong></span> 
     </span>
     <span class='ocr_line' id='line_1_14' title="bbox 261 1481 1665 1530; baseline 0 0"><span class='ocrx_word' id='word_1_116' title='bbox 261 1481 450 1530; x_wconf 81' lang='lat' dir='ltr'><strong>netos.</strong></span> <span class='ocrx_word' id='word_1_117' title='bbox 1654 1505 1665 1511; x_wconf 66' lang='lat'><em>„</em></span> 
     </span>
    </p>

    <p class='ocr_par' dir='ltr' id='par_1_3' title="bbox 247 1559 2368 3240">
     <span class='ocr_line' id='line_1_15' title="bbox 347 1559 2261 1639; baseline 0 -19"><span class='ocrx_word' id='word_1_118' title='bbox 347 1561 515 1620; x_wconf 91' lang='lat' dir='ltr'><strong>VIII.</strong></span> <span class='ocrx_word' id='word_1_119' title='bbox 557 1561 757 1638; x_wconf 88' lang='lat' dir='ltr'><strong>Hujus</strong></span> <span class='ocrx_word' id='word_1_120' title='bbox 772 1562 1024 1621; x_wconf 84' lang='lat' dir='ltr'><strong>civitatis</strong></span> <span class='ocrx_word' id='word_1_121' title='bbox 1048 1571 1138 1620; x_wconf 87' lang='lat' dir='ltr'><strong>est</strong></span> <span class='ocrx_word' id='word_1_122' title='bbox 1162 1560 1334 1638; x_wconf 81' lang='lat' dir='ltr'><strong>longe</strong></span> <span class='ocrx_word' id='word_1_123' title='bbox 1364 1559 1723 1639; x_wconf 85' lang='lat' dir='ltr'><strong>amplissima</strong></span> <span class='ocrx_word' id='word_1_124' title='bbox 1748 1559 2059 1618; x_wconf 83' lang='lat' dir='ltr'><strong>auctoritas</strong></span> <span class='ocrx_word' id='word_1_125' title='bbox 2074 1561 2261 1620; x_wconf 83' lang='lat' dir='ltr'><strong>omnis</strong></span> 
     </span>
     <span class='ocr_line' id='line_1_16' title="bbox 261 1647 2365 1728; baseline 0 -18"><span class='ocrx_word' id='word_1_126' title='bbox 261 1669 404 1710; x_wconf 85' lang='lat' dir='ltr'><strong>orae</strong></span> <span class='ocrx_word' id='word_1_127' title='bbox 431 1651 756 1710; x_wconf 77' lang='lat' dir='ltr'><strong>maritimae</strong></span> <span class='ocrx_word' id='word_1_128' title='bbox 785 1652 1088 1728; x_wconf 82' lang='lat' dir='ltr'><strong>regionum</strong></span> <span class='ocrx_word' id='word_1_129' title='bbox 1114 1667 1338 1719; x_wconf 85' lang='lat' dir='ltr'><strong>earum,</strong></span> <span class='ocrx_word' id='word_1_130' title='bbox 1359 1647 1511 1726; x_wconf 88' lang='lat' dir='ltr'><strong>quod</strong></span> <span class='ocrx_word' id='word_1_131' title='bbox 1532 1657 1591 1706; x_wconf 91' lang='lat' dir='ltr'><strong>et</strong></span> <span class='ocrx_word' id='word_1_132' title='bbox 1617 1667 1797 1708; x_wconf 84' lang='lat' dir='ltr'><strong>naves</strong></span> <span class='ocrx_word' id='word_1_133' title='bbox 1816 1647 2031 1706; x_wconf 87' lang='lat' dir='ltr'><strong>habent</strong></span> <span class='ocrx_word' id='word_1_134' title='bbox 2048 1648 2261 1710; x_wconf 88' lang='lat' dir='ltr'><strong>Veneti</strong></span> <span class='ocrx_word' id='word_1_135' title='bbox 2291 1658 2365 1714; x_wconf 80' lang='lat'><strong>15</strong></span> 
     </span>
     <span class='ocr_line' id='line_1_17' title="bbox 265 1738 2263 1818; baseline 0.001 -20"><span class='ocrx_word' id='word_1_136' title='bbox 265 1740 570 1818; x_wconf 86' lang='lat' dir='ltr'><strong>plurimas,</strong></span> <span class='ocrx_word' id='word_1_137' title='bbox 619 1741 830 1818; x_wconf 87' lang='lat' dir='ltr'><strong>quibus</strong></span> <span class='ocrx_word' id='word_1_138' title='bbox 875 1740 938 1797; x_wconf 88' lang='lat' dir='ltr'><strong>in</strong></span> <span class='ocrx_word' id='word_1_139' title='bbox 991 1739 1354 1799; x_wconf 76' lang='lat' dir='ltr'><strong>Britanniam</strong></span> <span class='ocrx_word' id='word_1_140' title='bbox 1408 1738 1689 1815; x_wconf 87' lang='lat' dir='ltr'><strong>navigare</strong></span> <span class='ocrx_word' id='word_1_141' title='bbox 1745 1741 2141 1811; x_wconf 79' lang='lat' dir='ltr'><strong>consuerunt3</strong></span> <span class='ocrx_word' id='word_1_142' title='bbox 2202 1749 2263 1799; x_wconf 87' lang='lat' dir='ltr'><strong>et</strong></span> 
     </span>
     <span class='ocr_line' id='line_1_18' title="bbox 265 1827 2263 1906; baseline -0.002 -14"><span class='ocrx_word' id='word_1_143' title='bbox 265 1830 512 1892; x_wconf 76' lang='lat' dir='ltr'><strong>scientia</strong></span> <span class='ocrx_word' id='word_1_144' title='bbox 539 1839 712 1906; x_wconf 88' lang='lat' dir='ltr'><strong>atque</strong></span> <span class='ocrx_word' id='word_1_145' title='bbox 741 1847 852 1886; x_wconf 85' lang='lat' dir='ltr'><strong>usu</strong></span> <span class='ocrx_word' id='word_1_146' title='bbox 893 1831 1266 1887; x_wconf 87' lang='lat' dir='ltr'><strong>nauticarum</strong></span> <span class='ocrx_word' id='word_1_147' title='bbox 1301 1845 1499 1886; x_wconf 86' lang='lat' dir='ltr'><strong>rerum</strong></span> <span class='ocrx_word' id='word_1_148' title='bbox 1527 1827 1781 1904; x_wconf 87' lang='lat' dir='ltr'><strong>reliquos</strong></span> <span class='ocrx_word' id='word_1_149' title='bbox 1808 1827 2172 1900; x_wconf 83' lang='lat' dir='ltr'><strong>antecedunt,</strong></span> <span class='ocrx_word' id='word_1_150' title='bbox 2202 1839 2263 1888; x_wconf 89' lang='lat' dir='ltr'><strong>et</strong></span> 
     </span>
     <span class='ocr_line' id='line_1_19' title="bbox 265 1917 2257 1996; baseline 0 -20"><span class='ocrx_word' id='word_1_151' title='bbox 265 1919 326 1976; x_wconf 89' lang='lat' dir='ltr'><strong>in</strong></span> <span class='ocrx_word' id='word_1_152' title='bbox 356 1937 568 1996; x_wconf 81' lang='lat' dir='ltr'><strong>magno</strong></span> <span class='ocrx_word' id='word_1_153' title='bbox 607 1919 826 1994; x_wconf 88' lang='lat' dir='ltr'><strong>impetu</strong></span> <span class='ocrx_word' id='word_1_154' title='bbox 853 1918 1032 1994; x_wconf 83' lang='lat' dir='ltr'><strong>maris</strong></span> <span class='ocrx_word' id='word_1_155' title='bbox 1073 1925 1248 1994; x_wconf 85' lang='lat' dir='ltr'><strong>atque</strong></span> <span class='ocrx_word' id='word_1_156' title='bbox 1289 1926 1507 1994; x_wconf 78' lang='lat' dir='ltr'><strong>aperto,</strong></span> <span class='ocrx_word' id='word_1_157' title='bbox 1541 1917 1745 1993; x_wconf 77' lang='lat' dir='ltr'><strong>paucis</strong></span> <span class='ocrx_word' id='word_1_158' title='bbox 1784 1917 2043 1994; x_wconf 86' lang='lat' dir='ltr'><strong>portibus</strong></span> <span class='ocrx_word' id='word_1_159' title='bbox 2084 1918 2257 1977; x_wconf 87' lang='lat' dir='ltr'><strong>inter·</strong></span> 
     </span>
     <span class='ocr_line' id='line_1_20' title="bbox 258 2006 2260 2088; baseline 0 -22"><span class='ocrx_word' id='word_1_160' title='bbox 258 2008 452 2085; x_wconf 79' lang='lat' dir='ltr'><strong>jectis,</strong></span> <span class='ocrx_word' id='word_1_161' title='bbox 479 2026 625 2088; x_wconf 77' lang='lat' dir='ltr'><strong>quos</strong></span> <span class='ocrx_word' id='word_1_162' title='bbox 651 2017 848 2066; x_wconf 89' lang='lat' dir='ltr'><strong>tenent</strong></span> <span class='ocrx_word' id='word_1_163' title='bbox 895 2007 1024 2086; x_wconf 85' lang='lat' dir='ltr'><strong>ipsi,</strong></span> <span class='ocrx_word' id='word_1_164' title='bbox 1052 2025 1257 2066; x_wconf 83' lang='lat' dir='ltr'><strong>omnes</strong></span> <span class='ocrx_word' id='word_1_165' title='bbox 1293 2006 1435 2077; x_wconf 80' lang='lat' dir='ltr'><strong>fere,</strong></span> <span class='ocrx_word' id='word_1_166' title='bbox 1464 2007 1565 2082; x_wconf 89' lang='lat' dir='ltr'><strong>qui</strong></span> <span class='ocrx_word' id='word_1_167' title='bbox 1604 2025 1675 2066; x_wconf 89' lang='lat' dir='ltr'><strong>eo</strong></span> <span class='ocrx_word' id='word_1_168' title='bbox 1703 2007 1849 2064; x_wconf 88' lang='lat' dir='ltr'><strong>mari</strong></span> <span class='ocrx_word' id='word_1_169' title='bbox 1892 2007 1976 2064; x_wconf 91' lang='lat' dir='ltr'><strong>uti</strong></span> <span class='ocrx_word' id='word_1_170' title='bbox 2016 2025 2260 2066; x_wconf 79' lang='lat' dir='ltr'><strong>consue-</strong></span> 
     </span>
     <span class='ocr_line' id='line_1_21' title="bbox 265 2094 2365 2175; baseline 0.001 -18"><span class='ocrx_word' id='word_1_171' title='bbox 265 2107 424 2169; x_wconf 84' lang='lat' dir='ltr'><strong>runt,</strong></span> <span class='ocrx_word' id='word_1_172' title='bbox 450 2097 666 2157; x_wconf 85' lang='lat' dir='ltr'><strong>habent</strong></span> <span class='ocrx_word' id='word_1_173' title='bbox 691 2097 1028 2175; x_wconf 81' lang='lat' dir='ltr'><strong>vectigales.</strong></span> <span class='ocrx_word' id='word_1_174' title='bbox 1113 2095 1212 2155; x_wconf 89' lang='lat' dir='ltr'><strong>Ab</strong></span> <span class='ocrx_word' id='word_1_175' title='bbox 1253 2096 1326 2155; x_wconf 89' lang='lat' dir='ltr'><strong>iis</strong></span> <span class='ocrx_word' id='word_1_176' title='bbox 1368 2095 1477 2154; x_wconf 83' lang='lat' dir='ltr'><strong>fuit</strong></span> <span class='ocrx_word' id='word_1_177' title='bbox 1522 2094 1751 2155; x_wconf 87' lang='lat' dir='ltr'><strong>initium</strong></span> <span class='ocrx_word' id='word_1_178' title='bbox 1795 2096 2077 2155; x_wconf 85' lang='lat' dir='ltr'><strong>retinendi</strong></span> <span class='ocrx_word' id='word_1_179' title='bbox 2126 2096 2257 2157; x_wconf 85' lang='lat' dir='ltr'><strong>Silii</strong></span> <span class='ocrx_word' id='word_1_180' title='bbox 2281 2104 2365 2162; x_wconf 82' lang='lat'><strong>20</strong></span> 
     </span>
     <span class='ocr_line' id='line_1_22' title="bbox 264 2186 2260 2266; baseline 0 -19"><span class='ocrx_word' id='word_1_181' title='bbox 264 2198 442 2265; x_wconf 89' lang='lat' dir='ltr'><strong>atque</strong></span> <span class='ocrx_word' id='word_1_182' title='bbox 483 2188 738 2259; x_wconf 89' lang='lat' dir='ltr'><strong>Velanii,</strong></span> <span class='ocrx_word' id='word_1_183' title='bbox 781 2187 936 2266; x_wconf 90' lang='lat' dir='ltr'><strong>quod</strong></span> <span class='ocrx_word' id='word_1_184' title='bbox 985 2205 1090 2263; x_wconf 87' lang='lat' dir='ltr'><strong>per</strong></span> <span class='ocrx_word' id='word_1_185' title='bbox 1135 2206 1234 2247; x_wconf 86' lang='lat' dir='ltr'><strong>eos</strong></span> <span class='ocrx_word' id='word_1_186' title='bbox 1275 2206 1413 2245; x_wconf 87' lang='lat' dir='ltr'><strong>suos</strong></span> <span class='ocrx_word' id='word_1_187' title='bbox 1459 2206 1523 2245; x_wconf 88' lang='lat' dir='ltr'><strong>se</strong></span> <span class='ocrx_word' id='word_1_188' title='bbox 1570 2186 1813 2257; x_wconf 81' lang='lat' dir='ltr'><strong>obsides,</strong></span> <span class='ocrx_word' id='word_1_189' title='bbox 1858 2206 2002 2262; x_wconf 85' lang='lat' dir='ltr'><strong>quos</strong></span> <span class='ocrx_word' id='word_1_190' title='bbox 2026 2186 2260 2247; x_wconf 75' lang='lat' dir='ltr'><strong>Crasso</strong></span> 
     </span>
     <span class='ocr_line' id='line_1_23' title="bbox 247 2275 2259 2355; baseline 0 -20"><span class='ocrx_word' id='word_1_191' title='bbox 247 2278 576 2349; x_wconf 69' lang='lat' dir='ltr'><strong>dedissent,</strong></span> <span class='ocrx_word' id='word_1_192' title='bbox 627 2282 1071 2355; x_wconf 79' lang='lat' dir='ltr'><strong>recuperaturos</strong></span> <span class='ocrx_word' id='word_1_193' title='bbox 1117 2276 1542 2335; x_wconf 83' lang='lat' dir='ltr'><strong>existimabant.</strong></span> <span class='ocrx_word' id='word_1_194' title='bbox 1646 2275 1875 2334; x_wconf 88' lang='lat' dir='ltr'><strong>Horum</strong></span> <span class='ocrx_word' id='word_1_195' title='bbox 1919 2278 2259 2335; x_wconf 88' lang='lat' dir='ltr'><strong>auctoritate</strong></span> 
     </span>
     <span class='ocr_line' id='line_1_24' title="bbox 265 2364 2257 2443; baseline -0.002 -18"><span class='ocrx_word' id='word_1_196' title='bbox 265 2368 497 2425; x_wconf 84' lang='lat' dir='ltr'><strong>finitimi</strong></span> <span class='ocrx_word' id='word_1_197' title='bbox 525 2367 780 2438; x_wconf 90' lang='lat' dir='ltr'><strong>adducti,</strong></span> <span class='ocrx_word' id='word_1_198' title='bbox 810 2366 904 2443; x_wconf 89' lang='lat' dir='ltr'><strong>(ut</strong></span> <span class='ocrx_word' id='word_1_199' title='bbox 931 2375 1066 2425; x_wconf 88' lang='lat' dir='ltr'><strong>sunt</strong></span> <span class='ocrx_word' id='word_1_200' title='bbox 1109 2364 1420 2424; x_wconf 87' lang='lat' dir='ltr'><strong>Gallorum</strong></span> <span class='ocrx_word' id='word_1_201' title='bbox 1454 2366 1645 2423; x_wconf 87' lang='lat' dir='ltr'><strong>subita</strong></span> <span class='ocrx_word' id='word_1_202' title='bbox 1684 2374 1743 2421; x_wconf 85' lang='lat' dir='ltr'><strong>et</strong></span> <span class='ocrx_word' id='word_1_203' title='bbox 1783 2365 2083 2441; x_wconf 86' lang='lat' dir='ltr'><strong>repentina</strong></span> <span class='ocrx_word' id='word_1_204' title='bbox 2125 2382 2257 2422; x_wconf 87' lang='lat' dir='ltr'><strong>con-</strong></span> 
     </span>
     <span class='ocr_line' id='line_1_25' title="bbox 264 2454 2285 2537; baseline -0.003 -18"><span class='ocrx_word' id='word_1_205' title='bbox 264 2460 446 2537; x_wconf 86' lang='lat' dir='ltr'><strong>silia,)</strong></span> <span class='ocrx_word' id='word_1_206' title='bbox 474 2460 678 2519; x_wconf 85' lang='lat' dir='ltr'><strong>eadem</strong></span> <span class='ocrx_word' id='word_1_207' title='bbox 725 2459 800 2518; x_wconf 89' lang='lat' dir='ltr'><strong>de</strong></span> <span class='ocrx_word' id='word_1_208' title='bbox 833 2478 1014 2517; x_wconf 85' lang='lat' dir='ltr'><strong>causa</strong></span> <span class='ocrx_word' id='word_1_209' title='bbox 1064 2457 1369 2528; x_wconf 88' lang='lat' dir='ltr'><strong>Trebium,</strong></span> <span class='ocrx_word' id='word_1_210' title='bbox 1413 2454 1929 2534; x_wconf 87' lang='lat' dir='ltr'><strong>Terrasidiumque</strong></span> <span class='ocrx_word' id='word_1_211' title='bbox 1971 2455 2285 2528; x_wconf 80' lang='lat' dir='ltr'><strong>retinent3-</strong></span> 
     </span>
     <span class='ocr_line' id='line_1_26' title="bbox 263 2544 2365 2626; baseline -0.004 -17"><span class='ocrx_word' id='word_1_212' title='bbox 263 2561 344 2621; x_wconf 87' lang='lat' dir='ltr'><strong>et,</strong></span> <span class='ocrx_word' id='word_1_213' title='bbox 374 2549 642 2609; x_wconf 89' lang='lat' dir='ltr'><strong>celeriter</strong></span> <span class='ocrx_word' id='word_1_214' title='bbox 669 2549 860 2607; x_wconf 87' lang='lat' dir='ltr'><strong>missis</strong></span> <span class='ocrx_word' id='word_1_215' title='bbox 900 2548 1126 2626; x_wconf 88' lang='lat' dir='ltr'><strong>legatis,</strong></span> <span class='ocrx_word' id='word_1_216' title='bbox 1155 2566 1262 2625; x_wconf 86' lang='lat' dir='ltr'><strong>per</strong></span> <span class='ocrx_word' id='word_1_217' title='bbox 1299 2566 1435 2606; x_wconf 83' lang='lat' dir='ltr'><strong>suos</strong></span> <span class='ocrx_word' id='word_1_218' title='bbox 1462 2546 1753 2623; x_wconf 85' lang='lat' dir='ltr'><strong>principes</strong></span> <span class='ocrx_word' id='word_1_219' title='bbox 1792 2545 1943 2603; x_wconf 88' lang='lat' dir='ltr'><strong>inter</strong></span> <span class='ocrx_word' id='word_1_220' title='bbox 1968 2563 2031 2603; x_wconf 90' lang='lat' dir='ltr'><strong>se</strong></span> <span class='ocrx_word' id='word_1_221' title='bbox 2060 2544 2257 2619; x_wconf 87' lang='lat' dir='ltr'><strong>conju·</strong></span> <span class='ocrx_word' id='word_1_222' title='bbox 2282 2552 2365 2609; x_wconf 78' lang='lat'><strong>25</strong></span> 
     </span>
     <span class='ocr_line' id='line_1_27' title="bbox 267 2630 2354 2711; baseline -0.004 -14"><span class='ocrx_word' id='word_1_223' title='bbox 267 2650 418 2711; x_wconf 86' lang='lat' dir='ltr'><strong>rant,</strong></span> <span class='ocrx_word' id='word_1_224' title='bbox 447 2639 610 2711; x_wconf 89' lang='lat' dir='ltr'><strong>nihil,</strong></span> <span class='ocrx_word' id='word_1_225' title='bbox 640 2639 752 2699; x_wconf 86' lang='lat' dir='ltr'><strong>nisi</strong></span> <span class='ocrx_word' id='word_1_226' title='bbox 780 2638 1074 2697; x_wconf 87' lang='lat' dir='ltr'><strong>communi</strong></span> <span class='ocrx_word' id='word_1_227' title='bbox 1101 2637 1359 2705; x_wconf 88' lang='lat' dir='ltr'><strong>consilio,</strong></span> <span class='ocrx_word' id='word_1_228' title='bbox 1390 2645 1639 2704; x_wconf 89' lang='lat' dir='ltr'><strong>acturos,</strong></span> <span class='ocrx_word' id='word_1_229' title='bbox 1668 2632 2033 2709; x_wconf 88' lang='lat' dir='ltr'><strong>eundemque</strong></span> <span class='ocrx_word' id='word_1_230' title='bbox 2072 2632 2261 2690; x_wconf 87' lang='lat' dir='ltr'><strong>omnis</strong></span> <span class='ocrx_word' id='word_1_231' title='bbox 2348 2630 2354 2635; x_wconf 77' lang='grc'><em>“</em></span> 
     </span>
     <span class='ocr_line' id='line_1_28' title="bbox 267 2720 2260 2799; baseline -0.005 -12"><span class='ocrx_word' id='word_1_232' title='bbox 267 2728 536 2789; x_wconf 87' lang='lat' dir='ltr'><strong>fortunae</strong></span> <span class='ocrx_word' id='word_1_233' title='bbox 575 2729 796 2799; x_wconf 86' lang='lat' dir='ltr'><strong>exitum</strong></span> <span class='ocrx_word' id='word_1_234' title='bbox 839 2746 966 2785; x_wconf 87' lang='lat' dir='ltr'><strong>esse</strong></span> <span class='ocrx_word' id='word_1_235' title='bbox 1007 2726 1262 2784; x_wconf 87' lang='lat' dir='ltr'><strong>laturos:</strong></span> <span class='ocrx_word' id='word_1_236' title='bbox 1331 2724 1704 2799; x_wconf 82' lang='lat' dir='ltr'><strong>reliquasque</strong></span> <span class='ocrx_word' id='word_1_237' title='bbox 1742 2721 2007 2779; x_wconf 86' lang='lat' dir='ltr'><strong>civitates</strong></span> <span class='ocrx_word' id='word_1_238' title='bbox 2049 2720 2260 2779; x_wconf 85' lang='lat' dir='ltr'><strong>sollici-</strong></span> 
     </span>
     <span class='ocr_line' id='line_1_29' title="bbox 267 2812 2261 2897; baseline -0.007 -20"><span class='ocrx_word' id='word_1_239' title='bbox 267 2828 412 2889; x_wconf 87' lang='lat' dir='ltr'><strong>tant,</strong></span> <span class='ocrx_word' id='word_1_240' title='bbox 445 2828 508 2877; x_wconf 88' lang='lat' dir='ltr'><strong>ut</strong></span> <span class='ocrx_word' id='word_1_241' title='bbox 533 2818 594 2875; x_wconf 91' lang='lat' dir='ltr'><strong>in</strong></span> <span class='ocrx_word' id='word_1_242' title='bbox 625 2837 696 2877; x_wconf 89' lang='lat' dir='ltr'><strong>ea</strong></span> <span class='ocrx_word' id='word_1_243' title='bbox 722 2816 1004 2897; x_wconf 80' lang='lat' dir='ltr'><strong>libertate,</strong></span> <span class='ocrx_word' id='word_1_244' title='bbox 1033 2834 1212 2892; x_wconf 88' lang='lat' dir='ltr'><strong>quam</strong></span> <span class='ocrx_word' id='word_1_245' title='bbox 1241 2830 1278 2871; x_wconf 87' lang='lat' dir='ltr'><strong>a</strong></span> <span class='ocrx_word' id='word_1_246' title='bbox 1309 2812 1621 2888; x_wconf 85' lang='lat' dir='ltr'><strong>majoribus</strong></span> <span class='ocrx_word' id='word_1_247' title='bbox 1644 2817 2007 2885; x_wconf 85' lang='lat' dir='ltr'><strong>acceperant,</strong></span> <span class='ocrx_word' id='word_1_248' title='bbox 2040 2827 2261 2885; x_wconf 87' lang='lat' dir='ltr'><strong>perma-</strong></span> 
     </span>
     <span class='ocr_line' id='line_1_30' title="bbox 267 2900 2263 2988; baseline -0.007 -17"><span class='ocrx_word' id='word_1_249' title='bbox 267 2932 432 2983; x_wconf 89' lang='lat' dir='ltr'><strong>nere,</strong></span> <span class='ocrx_word' id='word_1_250' title='bbox 455 2929 634 2988; x_wconf 86' lang='lat' dir='ltr'><strong>quam</strong></span> <span class='ocrx_word' id='word_1_251' title='bbox 663 2911 1060 2969; x_wconf 85' lang='lat' dir='ltr'><strong>Romanorum</strong></span> <span class='ocrx_word' id='word_1_252' title='bbox 1087 2907 1426 2966; x_wconf 84' lang='lat' dir='ltr'><strong>servitutem</strong></span> <span class='ocrx_word' id='word_1_253' title='bbox 1455 2903 1711 2983; x_wconf 85' lang='lat' dir='ltr'><strong>perferre</strong></span> <span class='ocrx_word' id='word_1_254' title='bbox 1741 2900 2001 2959; x_wconf 86' lang='lat' dir='ltr'><strong>mallent.</strong></span> <span class='ocrx_word' id='word_1_255' title='bbox 2083 2900 2263 2958; x_wconf 81' lang='lat' dir='ltr'><strong>Omni</strong></span> 
     </span>
     <span class='ocr_line' id='line_1_31' title="bbox 269 2991 2368 3071; baseline -0.004 -11"><span class='ocrx_word' id='word_1_256' title='bbox 269 3020 376 3061; x_wconf 87' lang='lat' dir='ltr'><strong>ora</strong></span> <span class='ocrx_word' id='word_1_257' title='bbox 401 3001 692 3059; x_wconf 88' lang='lat' dir='ltr'><strong>maritima</strong></span> <span class='ocrx_word' id='word_1_258' title='bbox 717 2999 990 3057; x_wconf 87' lang='lat' dir='ltr'><strong>celeriter</strong></span> <span class='ocrx_word' id='word_1_259' title='bbox 1017 2996 1088 3055; x_wconf 89' lang='lat' dir='ltr'><strong>ad</strong></span> <span class='ocrx_word' id='word_1_260' title='bbox 1117 3015 1284 3057; x_wconf 86' lang='lat' dir='ltr'><strong>suam</strong></span> <span class='ocrx_word' id='word_1_261' title='bbox 1313 2994 1657 3054; x_wconf 86' lang='lat' dir='ltr'><strong>sententiam</strong></span> <span class='ocrx_word' id='word_1_262' title='bbox 1678 2991 1979 3071; x_wconf 87' lang='lat' dir='ltr'><strong>perducta,</strong></span> <span class='ocrx_word' id='word_1_263' title='bbox 2006 3006 2261 3049; x_wconf 89' lang='lat' dir='ltr'><strong>commu·</strong></span> <span class='ocrx_word' id='word_1_264' title='bbox 2288 2993 2368 3051; x_wconf 80' lang='lat'><strong>30</strong></span> 
     </span>
     <span class='ocr_line' id='line_1_32' title="bbox 271 3080 2263 3169; baseline -0.008 -18"><span class='ocrx_word' id='word_1_265' title='bbox 271 3111 406 3163; x_wconf 84' lang='lat' dir='ltr'><strong>nem</strong></span> <span class='ocrx_word' id='word_1_266' title='bbox 434 3091 782 3169; x_wconf 85' lang='lat' dir='ltr'><strong>legationem</strong></span> <span class='ocrx_word' id='word_1_267' title='bbox 800 3088 875 3145; x_wconf 86' lang='lat' dir='ltr'><strong>ad</strong></span> <span class='ocrx_word' id='word_1_268' title='bbox 903 3088 970 3146; x_wconf 90' lang='lat' dir='ltr'><strong>P.</strong></span> <span class='ocrx_word' id='word_1_269' title='bbox 995 3087 1272 3145; x_wconf 87' lang='lat' dir='ltr'><strong>Crassum</strong></span> <span class='ocrx_word' id='word_1_270' title='bbox 1293 3086 1545 3155; x_wconf 83' lang='lat' dir='ltr'><strong>mittunt,</strong></span> <span class='ocrx_word' id='word_1_271' title='bbox 1568 3084 1630 3149; x_wconf 82' lang='lat' dir='ltr'><strong>Si</strong></span> <span class='ocrx_word' id='word_1_272' title='bbox 1650 3082 1790 3142; x_wconf 86' lang='lat' dir='ltr'><strong>velit</strong></span> <span class='ocrx_word' id='word_1_273' title='bbox 1816 3100 1953 3140; x_wconf 86' lang='lat' dir='ltr'><strong>suos</strong></span> <span class='ocrx_word' id='word_1_274' title='bbox 1980 3080 2263 3155; x_wconf 87' lang='lat' dir='ltr'><strong>recipere,</strong></span> 
     </span>
     <span class='ocr_line' id='line_1_33' title="bbox 271 3179 935 3240; baseline -0.009 0"><span class='ocrx_word' id='word_1_275' title='bbox 271 3180 498 3240; x_wconf 83' lang='lat' dir='ltr'><strong>obsides</strong></span> <span class='ocrx_word' id='word_1_276' title='bbox 524 3180 634 3238; x_wconf 88' lang='lat' dir='ltr'><strong>sibi</strong></span> <span class='ocrx_word' id='word_1_277' title='bbox 663 3179 935 3237; x_wconf 88' lang='lat' dir='ltr'><strong>remittat.</strong></span> 
     </span>
    </p>

    <p class='ocr_par' dir='ltr' id='par_1_4' title="bbox 273 3254 2371 3883">
     <span class='ocr_line' id='line_1_34' title="bbox 283 3254 2263 3335; baseline -0.009 -5"><span class='ocrx_word' id='word_1_278' title='bbox 283 3264 288 3271; x_wconf 70' lang='grc'><em>’</em></span> <span class='ocrx_word' id='word_1_279' title='bbox 351 3270 458 3329; x_wconf 88' lang='grc' dir='ltr'><strong>ῙΧ.</strong></span> <span class='ocrx_word' id='word_1_280' title='bbox 524 3269 758 3335; x_wconf 81' lang='lat' dir='ltr'><strong>Quibus</strong></span> <span class='ocrx_word' id='word_1_281' title='bbox 803 3267 876 3325; x_wconf 91' lang='lat' dir='ltr'><strong>de</strong></span> <span class='ocrx_word' id='word_1_282' title='bbox 926 3266 1100 3324; x_wconf 88' lang='lat' dir='ltr'><strong>rebus</strong></span> <span class='ocrx_word' id='word_1_283' title='bbox 1146 3264 1367 3325; x_wconf 85' lang='lat' dir='ltr'><strong>Caesar</strong></span> <span class='ocrx_word' id='word_1_284' title='bbox 1416 3264 1489 3322; x_wconf 89' lang='lat' dir='ltr'><strong>ab</strong></span> <span class='ocrx_word' id='word_1_285' title='bbox 1536 3262 1747 3319; x_wconf 85' lang='lat' dir='ltr'><strong>Crasso</strong></span> <span class='ocrx_word' id='word_1_286' title='bbox 1794 3258 2007 3315; x_wconf 88' lang='lat' dir='ltr'><strong>certior</strong></span> <span class='ocrx_word' id='word_1_287' title='bbox 2055 3254 2263 3325; x_wconf 82' lang='lat' dir='ltr'><strong>factus,</strong></span> 
     </span>
     <span class='ocr_line' id='line_1_35' title="bbox 273 3343 2267 3439; baseline -0.011 -20"><span class='ocrx_word' id='word_1_288' title='bbox 273 3360 426 3439; x_wconf 88' lang='lat' dir='ltr'><strong>quod</strong></span> <span class='ocrx_word' id='word_1_289' title='bbox 467 3360 590 3438; x_wconf 88' lang='lat' dir='ltr'><strong>ipse</strong></span> <span class='ocrx_word' id='word_1_290' title='bbox 619 3359 818 3415; x_wconf 86' lang='lat' dir='ltr'><strong>aberat</strong></span> <span class='ocrx_word' id='word_1_291' title='bbox 857 3356 1106 3434; x_wconf 76' lang='lat' dir='ltr'><strong>longine,</strong></span> <span class='ocrx_word' id='word_1_292' title='bbox 1135 3374 1318 3412; x_wconf 85' lang='lat' dir='ltr'><strong>naves</strong></span> <span class='ocrx_word' id='word_1_293' title='bbox 1360 3351 1589 3411; x_wconf 87' lang='lat' dir='ltr'><strong>interim</strong></span> <span class='ocrx_word' id='word_1_294' title='bbox 1631 3350 1835 3424; x_wconf 85' lang='lat' dir='ltr'><strong>longas</strong></span> <span class='ocrx_word' id='word_1_295' title='bbox 1867 3343 2165 3403; x_wconf 89' lang='lat' dir='ltr'><strong>aedificari</strong></span> <span class='ocrx_word' id='word_1_296' title='bbox 2204 3343 2267 3399; x_wconf 85' lang='lat' dir='ltr'><strong>in</strong></span> 
     </span>
     <span class='ocr_line' id='line_1_36' title="bbox 275 3431 2371 3525; baseline -0.01 -16"><span class='ocrx_word' id='word_1_297' title='bbox 275 3450 516 3509; x_wconf 85' lang='lat' dir='ltr'><strong>flumine</strong></span> <span class='ocrx_word' id='word_1_298' title='bbox 545 3446 766 3525; x_wconf 90' lang='lat' dir='ltr'><strong>Ligeri,</strong></span> <span class='ocrx_word' id='word_1_299' title='bbox 795 3444 946 3523; x_wconf 91' lang='lat' dir='ltr'><strong>quod</strong></span> <span class='ocrx_word' id='word_1_300' title='bbox 964 3444 1152 3503; x_wconf 87' lang='lat' dir='ltr'><strong>influit</strong></span> <span class='ocrx_word' id='word_1_301' title='bbox 1179 3445 1240 3501; x_wconf 90' lang='lat' dir='ltr'><strong>in</strong></span> <span class='ocrx_word' id='word_1_302' title='bbox 1266 3458 1571 3509; x_wconf 80' lang='lat' dir='ltr'><strong>oceanum,</strong></span> <span class='ocrx_word' id='word_1_303' title='bbox 1596 3438 1845 3513; x_wconf 87' lang='lat' dir='ltr'><strong>remiges</strong></span> <span class='ocrx_word' id='word_1_304' title='bbox 1862 3452 1937 3493; x_wconf 86' lang='lat' dir='ltr'><strong>ex</strong></span> <span class='ocrx_word' id='word_1_305' title='bbox 1959 3431 2269 3491; x_wconf 84' lang='lat' dir='ltr'><strong>Provincia</strong></span> <span class='ocrx_word' id='word_1_306' title='bbox 2292 3438 2371 3519; x_wconf 56' lang='grc'><strong>35</strong></span> 
     </span>
     <span class='ocr_line' id='line_1_37' title="bbox 273 3518 2270 3613; baseline -0.011 -16"><span class='ocrx_word' id='word_1_307' title='bbox 273 3539 516 3608; x_wconf 80' lang='lat' dir='ltr'><strong>institui,</strong></span> <span class='ocrx_word' id='word_1_308' title='bbox 545 3546 754 3595; x_wconf 87' lang='lat' dir='ltr'><strong>nautas</strong></span> <span class='ocrx_word' id='word_1_309' title='bbox 779 3536 1312 3613; x_wconf 83' lang='lat' dir='ltr'><strong>gubernatoresque</strong></span> <span class='ocrx_word' id='word_1_310' title='bbox 1339 3526 1663 3605; x_wconf 86' lang='lat' dir='ltr'><strong>comparari</strong></span> <span class='ocrx_word' id='word_1_311' title='bbox 1684 3524 1869 3601; x_wconf 87' lang='lat' dir='ltr'><strong>jubet.</strong></span> <span class='ocrx_word' id='word_1_312' title='bbox 1954 3518 2067 3579; x_wconf 89' lang='lat' dir='ltr'><strong>His</strong></span> <span class='ocrx_word' id='word_1_313' title='bbox 2094 3519 2270 3577; x_wconf 84' lang='lat' dir='ltr'><strong>rebus</strong></span> 
     </span>
     <span class='ocr_line' id='line_1_38' title="bbox 275 3610 2272 3700; baseline -0.011 -14"><span class='ocrx_word' id='word_1_314' title='bbox 275 3628 548 3687; x_wconf 88' lang='lat' dir='ltr'><strong>celeriter</strong></span> <span class='ocrx_word' id='word_1_315' title='bbox 589 3624 1018 3695; x_wconf 76' lang='lat' dir='ltr'><strong>administratiS,</strong></span> <span class='ocrx_word' id='word_1_316' title='bbox 1047 3624 1189 3700; x_wconf 91' lang='lat' dir='ltr'><strong>ipse,</strong></span> <span class='ocrx_word' id='word_1_317' title='bbox 1218 3638 1402 3695; x_wconf 86' lang='lat' dir='ltr'><strong>quum</strong></span> <span class='ocrx_word' id='word_1_318' title='bbox 1444 3618 1695 3693; x_wconf 89' lang='lat' dir='ltr'><strong>primum</strong></span> <span class='ocrx_word' id='word_1_319' title='bbox 1738 3632 1841 3689; x_wconf 91' lang='lat' dir='ltr'><strong>per</strong></span> <span class='ocrx_word' id='word_1_320' title='bbox 1870 3610 2008 3668; x_wconf 85' lang='lat' dir='ltr'><strong>anni</strong></span> <span class='ocrx_word' id='word_1_321' title='bbox 2044 3618 2272 3685; x_wconf 87' lang='lat' dir='ltr'><strong>tempus</strong></span> 
     </span>
     <span class='ocr_line' id='line_1_39' title="bbox 277 3698 2273 3797; baseline -0.012 -20"><span class='ocrx_word' id='word_1_322' title='bbox 277 3718 478 3796; x_wconf 90' lang='lat' dir='ltr'><strong>potuit,</strong></span> <span class='ocrx_word' id='word_1_323' title='bbox 527 3715 600 3776; x_wconf 84' lang='lat' dir='ltr'><strong>ad</strong></span> <span class='ocrx_word' id='word_1_324' title='bbox 643 3714 966 3773; x_wconf 88' lang='lat' dir='ltr'><strong>exercitum</strong></span> <span class='ocrx_word' id='word_1_325' title='bbox 1005 3710 1316 3772; x_wconf 84' lang='lat' dir='ltr'><strong>contendit.</strong></span> <span class='ocrx_word' id='word_1_326' title='bbox 1427 3704 1660 3774; x_wconf 87' lang='lat' dir='ltr'><strong>Veneti,</strong></span> <span class='ocrx_word' id='word_1_327' title='bbox 1711 3701 2085 3777; x_wconf 87' lang='lat' dir='ltr'><strong>reliquaeque</strong></span> <span class='ocrx_word' id='word_1_328' title='bbox 2132 3698 2273 3797; x_wconf 69' lang='lat' dir='ltr'><strong>item</strong></span> 
     </span>
     <span class='ocr_line' id='line_1_40' title="bbox 278 3790 2273 3883; baseline -0.012 -17"><span class='ocrx_word' id='word_1_329' title='bbox 278 3807 562 3879; x_wconf 80' lang='lat' dir='ltr'><strong>civitates,</strong></span> <span class='ocrx_word' id='word_1_330' title='bbox 591 3804 824 3883; x_wconf 80' lang='lat' dir='ltr'><strong>cognito</strong></span> <span class='ocrx_word' id='word_1_331' title='bbox 861 3802 1132 3861; x_wconf 84' lang='lat' dir='ltr'><strong>Caesaris</strong></span> <span class='ocrx_word' id='word_1_332' title='bbox 1160 3798 1429 3868; x_wconf 82' lang='lat' dir='ltr'><strong>adventu,</strong></span> <span class='ocrx_word' id='word_1_333' title='bbox 1459 3792 1633 3854; x_wconf 85' lang='lat' dir='ltr'><strong>simul</strong></span> <span class='ocrx_word' id='word_1_334' title='bbox 1681 3790 1851 3869; x_wconf 91' lang='lat' dir='ltr'><strong>quod,</strong></span> <span class='ocrx_word' id='word_1_335' title='bbox 1880 3796 2163 3867; x_wconf 86' lang='lat' dir='ltr'><strong>quantum</strong></span> <span class='ocrx_word' id='word_1_336' title='bbox 2210 3801 2273 3843; x_wconf 84' lang='lat' dir='ltr'><strong>m</strong></span> 
     </span>
    </p>
   </div>
  </div>
 </body>
</html>
