2709 4300
477 241 566 302 20
1189 251 1278 300 DE
1315 251 1525 301 13an
1560 253 1849 302 cuum
2256 216 2403 312 [cn.
2426 261 2582 304 xs-n.

581 389 795 467 cipere,
839 409 954 450 non
993 391 1152 463 dare,
1187 393 1559 452 consuerint:
1602 391 1731 468 ejus
1772 394 1859 451 rei
1900 391 2187 471 Populum
2228 391 2581 454 Romanum

579 497 708 538 esse
737 490 960 540 testem.

661 569 796 628 XV.
842 570 973 630 Hoc
1000 590 1272 649 responso
1311 572 1459 643 dato,
1502 572 1783 632 discessit.
1868 571 2101 632 Postero
2138 573 2235 631 die
2260 583 2475 632 castra
2504 593 2579 632 ex
2642 587 2644 638 ς

579 679 652 718 eo
677 660 806 718 loco
845 671 1107 720 movent:
1151 660 1304 720 idem
1347 661 1487 721 facit
1524 662 1783 736 Caesam
1826 664 2267 739 equitatumque
2308 683 2577 734 omnem,
2642 685 2644 736 ς

517 757 558 812 5
581 749 654 806 ad
695 767 1006 810 numerum
1049 760 1297 828 quatuor
1335 752 1606 822 millium,
1652 771 1829 828 quem
1854 770 1928 810 ex
1954 753 2112 812 omni
2154 753 2481 812 Provincia
2520 763 2577 811 et
2642 753 2644 788 ³

581 839 812 898 Aeduis
837 850 1010 917 atque
1039 859 1242 898 eorum
1281 843 1455 900 sociis
1494 851 1766 900 coactum
1806 842 2071 913 habebat,
2102 844 2441 919 praemittit,
2472 843 2575 919 qui
2643 871 2644 874 ¹

583 930 831 1000 videant,
877 949 1024 1007 quas
1066 930 1128 989 in
1173 941 1367 1008 partes
1410 933 1599 990 hostes
1642 932 1753 990 iter
1806 931 2045 990 faciant.
2126 931 2249 998 Qui
2290 933 2573 1009 cupidius
2642 955 2644 1008 j

581 1021 962 1078 novissimum
1001 1039 1212 1098 agmen
1253 1021 1521 1092 insecuti,
1552 1022 1742 1080 alieno
1782 1021 1909 1080 loco
1948 1039 2087 1080 cum
2126 1023 2394 1098 equitatu
2426 1023 2570 1080 Hel-

582 1110 867 1168 vetiorum
895 1112 1179 1186 proelium
1207 1111 1607 1170 committunt:
1650 1121 1709 1168 et
1749 1112 1923 1188 pauci
1966 1110 2037 1170 de
2082 1112 2293 1169 nostris
2320 1112 2567 1170 cadunt.

483 1207 558 1262 10
583 1199 718 1264 Quo
746 1199 962 1275 proelio
989 1201 1204 1258 sublati
1245 1200 1522 1271 Helvetii,
1552 1201 1703 1277 quod
1744 1202 2079 1278 quingentis
2118 1202 2419 1278 equitibus
2446 1215 2569 1260 tan·
2642 1217 2644 1264 !

581 1298 700 1346 tam
741 1289 1169 1349 multitudinem
1197 1291 1459 1365 equitum
1486 1291 1875 1368 propulerant,
1906 1290 2189 1350 audacius
2228 1292 2568 1361 subsistere,

580 1397 997 1456 nonnunquam
1025 1399 1098 1438 ex
1125 1381 1435 1438 novissimo
1477 1381 1707 1457 agmine
1752 1381 1969 1456 proelio
2008 1391 2229 1440 nostros
2268 1381 2569 1440 lacessere
2642 1373 2644 1448 J

581 1479 914 1546 coeperunt.
998 1469 1215 1528 Caesar
1241 1489 1379 1528 suos
1410 1489 1443 1526 a
1468 1470 1681 1546 proelio
1696 1471 2044 1540 continebat,
2068 1488 2139 1527 ac
2160 1471 2568 1528 satis-habebat
2642 1503 2644 1544 3

581 1561 644 1616 in
671 1560 996 1636 praesentia
1039 1559 1258 1617 hoetem
1303 1560 1537 1636 rapinis,
1568 1559 2049 1636 pabulationibus,
2079 1559 2567 1636 populationibus·

483 1657 556 1712 15
581 1668 696 1724 que
725 1649 1046 1725 prohibere.
1130 1649 1218 1707 Ita
1247 1649 1371 1706 dies
1398 1650 1631 1706 circiter
1656 1647 1987 1724 quindecim
2030 1650 2139 1708 iter
2167 1648 2457 1720 fecerunt,
2488 1650 2565 1706 uti
2642 1691 2644 1724 ,

581 1740 733 1796 inter
759 1740 1132 1797 novissimum
1176 1739 1424 1796 hostium
1468 1757 1695 1814 agmen,
1740 1750 1797 1796 et
1838 1747 2097 1796 nostrum
2140 1739 2417 1815 primum,
2460 1758 2564 1797 non

583 1828 834 1902 amplius
859 1829 1052 1904 quinis
1081 1837 1182 1886 aut
1207 1829 1365 1886 senis
1393 1829 1653 1886 millibus
1678 1846 1955 1903 passuum
1984 1828 2307 1886 interesset.
2642 1879 2644 1904 ,

665 1917 827 1975 XVI.
873 1916 1110 1974 Interim
1153 1917 1405 1992 quotidie
1448 1917 1667 1975 Caesar
1710 1917 1950 1974 Aeduos
1995 1915 2369 1987 frumentum,
2418 1919 2563 1994 quod
2642 1937 2644 1992 ξ

581 2016 773 2064 essent
799 2005 1030 2084 publice
1066 2007 1324 2082 polliciti,
1370 2007 1669 2084 flagitare:
1713 2024 1849 2064 nam
1889 2016 2119 2083 propter
2147 2005 2383 2083 frigora,
2416 2008 2562 2084 quod
2642 2001 2644 2054 ἕ

479 2103 556 2159 20
585 2096 780 2157 Gallia
822 2098 932 2155 sub
979 2097 1495 2173 septemtrionibus,
1529 2107 1591 2155 ut
1640 2107 1771 2155 ante
1808 2095 2047 2172 dictum,
2076 2098 2259 2174 posita
2302 2107 2411 2171 est,
2456 2117 2562 2157 non
2642 2111 2644 2126 ³

583 2188 750 2247 modo
791 2188 1078 2247 frumenta
1119 2189 1180 2245 in
1221 2190 1381 2265 agris
1420 2198 1651 2247 matura
1696 2206 1809 2249 non
1858 2196 2043 2257 erant,
2094 2188 2195 2245 sed
2244 2207 2319 2246 ne
2370 2192 2562 2268 pabuli

583 2280 815 2357 quidem
857 2281 998 2338 satis
1037 2299 1250 2357 magna
1293 2281 1460 2356 copia
1502 2280 1878 2357 suppetebat:
1921 2280 1991 2336 eo
2018 2288 2213 2337 autem
2256 2279 2561 2351 frumentO,
2642 2278 2644 2287 ⁴

583 2371 731 2447 quod
762 2371 998 2430 flumine
1028 2371 1209 2428 Arari
1235 2371 1482 2429 navibus
1522 2372 1887 2439 subvexerat,
1918 2380 2217 2445 propterea
2259 2372 2454 2429 minus
2482 2373 2563 2429 uti
2643 2362 2644 2417 ἓ

583 2470 817 2538 poteret,
866 2460 1016 2537 quod
1057 2461 1168 2518 iter
1225 2460 1298 2517 ab
1339 2462 1519 2517 Arari
1568 2459 1825 2517 Helvetii
1874 2468 2219 2529 averterant,
2270 2480 2307 2517 a
2352 2462 2597 2537 quibus-

479 2556 558 2611 25
583 2550 880 2609 discedere
921 2550 1170 2608 nolebat.
1255 2549 1426 2607 Diem
1474 2570 1549 2608 ex
1596 2549 1690 2607 die
1746 2548 1961 2607 ducere
2006 2550 2244 2622 Aedui;
2290 2551 2561 2621 conferri,
2643 2540 2644 2543 ¹

583 2641 945 2718 comportari,
969 2640 1168 2697 adesse
1215 2639 1431 2699 dicere.
1515 2639 1631 2699 Ubi
1658 2658 1722 2697 se
1751 2636 1968 2697 diutius
1998 2638 2137 2696 duci
2178 2640 2477 2711 intellexit,
2508 2651 2563 2698 et

583 2732 735 2789 diem
763 2732 994 2801 instare,
1023 2750 1138 2806 quo
1181 2729 1274 2787 die
1316 2728 1673 2787 frumentum
1714 2728 1991 2785 militibus
2032 2730 2221 2786 metiri
2262 2740 2559 2805 oporteret,

583 2822 913 2879 convocatis
955 2839 1156 2878 eorum
1201 2820 1577 2897 principibus,
1624 2837 1871 2896 quorum
1918 2836 2191 2896 magnam
2234 2822 2459 2897 copiam
2500 2823 2557 2877 in
2643 2836 2644 2841 ’

583 2914 790 2971 castris
817 2913 1080 2981 habebat,
1109 2913 1170 2969 in
1199 2912 1288 2969 his
1315 2911 1607 2969 Divitiaco
1647 2922 1705 2970 et
1733 2910 1927 2981 Lisco,
1956 2912 2059 2985 qui
2086 2930 2313 2969 summo
2354 2914 2556 2990 magis-
2643 2912 2644 2943 ³

481 3002 558 3057 80
585 3011 736 3060 tratu
783 3011 1062 3079 praeerat,
1120 3002 1319 3079 (quem
1368 3000 1797 3077 Vergobretum
1854 3001 2145 3078 appellant
2195 3002 2411 3072 Aedui,
2459 3004 2555 3078 qui

583 3102 816 3151 creatur
843 3110 1074 3150 annuus
1099 3100 1158 3148 et
1185 3091 1335 3147 vitae
1377 3091 1650 3165 necisque
1692 3092 1752 3148 in
1792 3110 1928 3149 suos
1972 3090 2145 3149 hebet
2184 3094 2555 3167 potestatemq

583 3184 838 3253 graviter
863 3202 962 3241 eos
989 3189 1244 3251 accusat,
1273 3180 1444 3255 quod,
1472 3199 1656 3256 quum
1690 3200 1877 3255 neque
1918 3182 2055 3250 emi,
2084 3200 2273 3256 neque
2303 3200 2378 3238 ex
2406 3184 2556 3259 agris

583 3273 736 3329 sumi
765 3285 968 3349 posset,
991 3285 1112 3333 tam
1137 3273 1465 3331 necessario
1484 3282 1757 3349 tempore,
1778 3282 1898 3329 tam
1927 3272 2261 3348 propinquis
2288 3272 2554 3343 hostibuS‚

585 3356 658 3409 ab
701 3361 772 3421 iis
816 3386 928 3425 non
965 3366 1337 3437 sublevetur3
1385 3364 1722 3441 praesertim
1765 3382 1967 3439 quum,
2016 3382 2233 3439 magna
2280 3382 2353 3420 ex
2401 3375 2555 3440 parte

479 3433 557 3487 35
583 3458 784 3509 eorum
829 3458 1099 3533 precibus
1141 3456 1443 3524 adductuS,
1492 3455 1711 3512 bellum
1754 3454 2077 3530 susceperit
2095 3474 2114 3527 3
2160 3454 2343 3513 multo
2386 3458 2553 3513 etiarn

581 3539 840 3615 gravius,
869 3547 1021 3624 quod
1049 3548 1123 3604 sit
1149 3546 1474 3614 destitutus,
1504 3546 1789 3621 queritur.

661 3617 856 3691 XVII.
903 3638 1062 3695 Tum
1105 3634 1339 3692 demum
1386 3633 1618 3704 LiscuS,
1648 3636 1903 3693 oratione
1946 3634 2217 3692 Caesaris
2260 3634 2551 3707 adductuS,

579 3708 732 3798 quod
763 3735 932 3783 antea
949 3733 1228 3791 tacuerat,
1248 3725 1537 3798 proponit:
1568 3724 1716 3781 Esse
1748 3718 2069 3793 nonnullos,
2092 3742 2341 3797 quorum
2368 3736 2549 3783 aucto·
2643 3750 2644 3753 ¹

582 3796 722 3848 ”²²²³
751 3814 904 3879 apud
933 3812 1156 3886 plebem
1187 3812 1498 3883 plurimum
1528 3812 1717 3869 valeat
1740 3832 1757 3885 3
1802 3814 1903 3887 qui
1934 3815 2141 3887 privati
2170 3814 2302 3889 plus
2331 3817 2548 3889 possint,
2642 3860 2645 3877 2
