2709 4300
406 241 493 309 ο.
1128 253 1215 300 m:
1254 251 1462 302 Βειιο
1499 251 1783 302 ωιωοο
2197 255 2497 308 [cm-ss-m.

592 389 783 450 XXV.
828 391 975 450 Erat
1014 391 1073 450 iu
1112 391 1466 450 Carnutibus
1505 411 1734 452 summo
1773 392 1902 452 loco
1941 402 2116 452 natus
2157 391 2500 470 Tasgetius,

508 479 681 554 cujus
724 482 969 556 majores
1013 483 1072 538 in
1118 499 1226 538 sua
1270 482 1506 538 civitate
1551 499 1796 558 regnum
1843 483 2238 540 obtinuerant.
2333 481 2501 540 Huic

506 565 743 638 Caesar,
772 587 875 646 pro
914 570 1043 646 ejus
1078 571 1287 628 virtute
1338 579 1510 646 atque
1555 572 1616 628 in
1659 590 1722 628 se
1769 572 2189 642 benevolentia,
2233 571 2396 648 quod
2439 573 2499 628 in

506 657 773 716 omnibus
828 658 993 716 bellis
1034 659 1321 736 singulari
1365 659 1496 734 ejus
1535 677 1714 738 opera
1757 659 1950 718 fixerat
1993 679 2154 730 usus,
2203 661 2498 736 majorum

442 745 483 807 Ι
508 745 703 804 locum
746 749 1089 806 restituerat.
1189 747 1460 806 Tertium
1505 749 1630 824 jam
1673 749 1834 808 hunc
1881 769 2102 808 annum
2151 760 2498 826 regnantem

506 835 727 894 inimici
754 837 967 912 palam,
990 835 1187 894 multis
1214 837 1390 894 etiam
1417 857 1490 894 ex
1513 839 1746 896 civitate
1773 839 2130 908 auctoribus,
2151 857 2291 896 eum
2319 838 2495 899 inter.

509 922 789 982 fecerunt.
872 925 1153 984 Defertur
1178 945 1251 984 ea
1280 944 1376 984 res
1403 926 1477 984 ad
1513 927 1848 986 Caesarem.
1933 927 2040 986 Ille
2069 929 2310 996 veritus,
2339 927 2498 1004 quod

506 1013 581 1072 ad
622 1014 819 1091 plures
860 1015 1199 1092 pertinebat,
1228 1034 1303 1072 ne
1330 1017 1538 1074 civitas
1565 1035 1768 1074 eorum
1795 1016 2052 1092 impulsu
2079 1015 2385 1085 deficeret,
2416 1014 2492 1074 L.

508 1101 791 1161 Plancum
828 1122 965 1160 cum
1007 1104 1233 1182 legione
1272 1123 1345 1162 ex
1383 1103 1588 1180 Belgio
1617 1105 1888 1164 celeriter
1913 1107 1974 1162 in
2003 1104 2293 1164 Carnutes
2321 1105 2492 1180 profi·

408 1194 481 1250 10
507 1191 649 1250 cinci
690 1192 875 1266 jubet,
924 1193 1119 1270 ibique
1164 1194 1460 1268 hiemare;
1521 1211 1884 1270 quorumque
1929 1212 2108 1270 opera
2149 1195 2496 1269 cognoverit

382 1279 401 1294 ⁶
508 1279 851 1357 Tasgetium
906 1281 1293 1351 interfectum,
1340 1283 1444 1340 hos
1497 1283 1942 1358 comprehensos
1989 1282 2064 1340 ad
2117 1301 2184 1340 se
2233 1283 2488 1340 mittere.

508 1367 745 1428 Interim
772 1371 845 1428 ab
870 1372 1136 1430 omnibus
1174 1372 1382 1448 legatis
1407 1372 1946 1448 quaestoribusque,
1973 1371 2188 1447 quibus
2229 1370 2493 1448 legiones

506 1458 835 1530 tradiderat,
858 1461 1069 1520 certior
1092 1459 1279 1520 factus
1298 1471 1404 1531 est,
1433 1460 1494 1516 in
1523 1459 1766 1520 hiberna
1785 1469 2148 1536 perventum,
2171 1458 2492 1536 locumque

506 1547 761 1608 hibernis
786 1569 913 1608 esse
942 1550 1251 1608 munitum.

406 1641 481 1700 1³
588 1637 811 1698 XXVI.
881 1637 1103 1696 Diebus
1156 1639 1392 1696 circiter
1415 1655 1519 1707 xv,
1565 1637 1780 1714 quibus
1837 1638 1898 1694 in
1955 1637 2200 1696 hiberna
2249 1628 2493 1696 ventum

504 1736 611 1797 est,
652 1727 881 1784 initium
922 1727 1202 1802 repentini
1244 1727 1528 1784 tumultus
1565 1745 1638 1786 ac
1673 1725 2012 1784 desectionis
2050 1737 2243 1784 ortum
2283 1736 2375 1784 est
2417 1727 2492 1784 ab

508 1815 846 1892 Ambiorige
872 1825 931 1872 et
956 1815 1284 1874 Cativolco:
1328 1816 1430 1891 qui
1457 1833 1640 1892 quum
1669 1815 1740 1872 ad
1777 1815 1926 1874 fines
1953 1816 2120 1891 regni
2147 1815 2240 1872 sui
2269 1815 2490 1872 Sabino

504 1901 819 1980 Cottaeque
840 1915 1065 1980 praesto
1094 1903 1351 1973 fuissent,
1373 1903 1844 1980 frumentumque
1867 1905 1927 1960 in
1949 1903 2192 1960 hiberna
2225 1921 2487 1980 compor-

504 1993 797 2062 tavissent,
828 1993 1203 2052 Indutiomari
1233 1993 1464 2052 Treviri
1505 1993 1736 2050 nunciis
1772 1991 2026 2070 impulsi,
2055 2011 2192 2050 suos
2233 1993 2487 2050 concita-

398 2086 481 2142 20
508 2091 731 2153 verunt,
760 2083 1061 2158 subitoque
1088 2084 1378 2159 oppressis
1408 2082 1808 2161 lignatoribus,
1841 2099 2054 2160 magna
2082 2099 2262 2138 manu
2297 2090 2490 2138 castra

504 2182 897 2249 oppugnatum
916 2182 1217 2231 venerunt.
1283 2172 1486 2239 Quum
1507 2172 1776 2231 celeriter
1795 2173 1974 2229 nostri
1997 2189 2162 2229 arma
2177 2181 2488 2247 cepissent,

506 2259 841 2337 vallumque
870 2260 1317 2331 adscendissent,
1342 2272 1518 2336 atque
1551 2279 1668 2319 una
1685 2280 1761 2319 ex
1791 2271 1952 2337 parte
1983 2260 2260 2335 Hispanis
2281 2261 2490 2335 equiti·

505 2348 614 2407 bus
640 2351 883 2419 emissis,
906 2352 1159 2425 equestri
1188 2350 1406 2427 proelio
1433 2351 1760 2426 superiores
1789 2348 2047 2417 fuissent,
2073 2348 2380 2425 desperata
2402 2367 2486 2418 re,

504 2438 695 2497 hostes
740 2457 875 2497 suos
922 2439 999 2496 ab
1045 2440 1470 2515 oppugnatione
1520 2438 1891 2497 reduxerunt.
1976 2438 2135 2497 Tum
2177 2454 2285 2495 suo
2326 2456 2490 2497 more

376 2528 479 2595 '⁸25
504 2528 1032 2596 conclamaverunt,
1066 2529 1147 2585 uti
1188 2528 1370 2603 aliqui
1411 2546 1485 2587 ex
1523 2529 1732 2585 nostris
1777 2528 1850 2585 ad
1893 2527 2250 2603 colloquium
2299 2526 2489 2601 prodi-

504 2610 667 2689 rent3
715 2616 949 2675 Habere
988 2636 1135 2687 sese,
1164 2636 1317 2693 quae
1346 2617 1418 2673 de
1449 2636 1511 2675 re
1541 2617 1835 2675 communi
1863 2616 2058 2675 dicere
2089 2615 2328 2685 vellent,
2359 2618 2490 2691 qui-

504 2706 613 2763 bus
642 2706 813 2763 rebus
840 2708 1257 2763 controversias
1286 2706 1470 2763 minui
1501 2725 1660 2782 posse
1687 2715 2007 2781 sperarent.

587 2776 833 2853 XX'VH.
882 2794 1128 2853 Mittitur
1165 2795 1237 2851 ad
1278 2815 1376 2853 eos
1417 2794 1778 2869 colloquendi
1815 2811 1997 2851 causa
2032 2792 2102 2851 C.
2145 2794 2490 2869 Arpineius,

378 2944 388 2951 ,
504 2902 683 2959 eques
738 2884 1053 2953 Romanus,
1110 2883 1414 2941 familiaris
1467 2883 1544 2950 Q.
1607 2882 1840 2953 Titurii,
1898 2893 1958 2941 et
2011 2882 2088 2949 Q.
2143 2881 2177 2939 J
2183 2882 2359 2941 unius
2411 2902 2491 2941 cx

400 2984 481 3041 30
506 2971 789 3049 Hispania
806 2972 1059 3047 quidam,
1082 2974 1185 3049 qui
1199 2972 1322 3049 jam
1345 2983 1475 3031 ante
1499 2974 1678 3029 missu
1697 2972 1966 3029 Caesaris
1987 2971 2058 3029 ad
2083 2972 2492 3048 Ambiorigem

506 3064 788 3121 ventitare
816 3073 1228 3119 consueverat:
1272 3062 1428 3138 apud
1455 3082 1599 3137 quos
1629 3062 1932 3119 Ambiorix
1961 3061 2033 3117 ad
2063 3062 2220 3119 hunc
2251 3060 2492 3121 modum

504 3139 731 3211 loeutus
772 3163 893 3211 est:
946 3151 1106 3220 Sese,
1150 3170 1251 3228 pro
1288 3152 1556 3212 Caesaris
1597 3152 1658 3209 in
1699 3170 1761 3209 se
1805 3142 2120 3219 beneficiis,
2168 3150 2493 3225 plurimum

504 3242 561 3298 ei
598 3242 858 3299 confiteri
898 3241 1126 3309 debere,
1156 3241 1309 3317 quod
1336 3242 1466 3316 ejus
1493 3259 1672 3317 opera
1697 3238 1977 3315 stipendio
2005 3240 2288 3297 liberatus
2315 3250 2491 3309 esset,

502 3330 656 3407 quod
684 3330 1013 3387 Aduatucis
1041 3330 1298 3387 finitimis
1324 3331 1446 3387 suis
1475 3330 1726 3405 pendere
1753 3338 2106 3399 consuesset,
2133 3328 2403 3403 quodque
2435 3330 2494 3385 ei

402 3430 479 3485 35
506 3430 563 3477 et
589 3419 745 3478 filius
772 3430 829 3476 et
858 3418 1051 3477 fratris
1072 3420 1229 3477 filius
1258 3420 1329 3475 ab
1348 3419 1601 3477 Caesare
1631 3419 1857 3477 remissi
1885 3428 2096 3489 essent,
2111 3437 2256 3493 quos
2286 3418 2491 3475 Adua-

506 3511 647 3579 tuci,
674 3508 935 3566 obsidum
978 3526 1219 3567 numero
1256 3509 1476 3577 missos,
1508 3508 1660 3583 apud
1687 3528 1750 3565 se
1781 3509 1840 3564 in
1870 3508 2150 3565 servitute
2180 3516 2240 3565 et
2267 3509 2494 3565 catenis

506 3600 856 3659 tenuissent:
886 3616 1075 3672 neque
1100 3597 1173 3666 id,
1198 3597 1347 3673 quod
1373 3595 1576 3655 fecerit
1593 3597 1664 3653 de
1687 3596 2110 3673 oppugnatione
2139 3605 2490 3665 castrorum,

508 3696 608 3745 aut
648 3686 869 3760 judicio
914 3696 1014 3742 aut
1055 3684 1345 3743 voluntate
1389 3705 1498 3742 sua
1544 3683 1768 3755 fecisse,
1803 3685 1906 3742 sed
1947 3694 2154 3743 coactu
2195 3684 2490 3757 civitatis3

512 3788 731 3841 suaque
760 3790 886 3827 esse
919 3772 1198 3842 ejusmodi
1240 3774 1501 3845 imperia,
1535 3783 1594 3829 ut
1625 3791 1734 3831 non
1767 3775 1959 3829 minus
1989 3772 2227 3831 haberet
2249 3773 2404 3851 juris
2435 3774 2496 3833 in
