2709 4300
941 55 956 86 S

411 145 500 208 46
1121 149 1212 199 DE
1249 147 1465 198 mm
1494 149 1784 198 GALuoe
2200 149 2333 204 [cn.
2352 155 2525 196 11—13.

599 285 702 349 x1.
749 287 844 348 Ea
871 305 934 346 re
959 287 1286 357 constituta,
1315 285 1576 346 munda
1601 285 1805 366 vigilia
1832 305 2045 366 magno
2082 305 2221 346 cum
2256 289 2524 363 strepitu

515 397 588 438 ac
613 377 870 438 tumultu
897 378 1104 436 castris
1129 377 1369 454 egressi,
1398 376 1563 434 nullo
1590 388 1749 434 certo
1786 375 1987 434 ordine
2020 395 2211 452 neque
2238 378 2523 453 imperio,

513 485 696 544 quum
723 465 834 526 sibi
873 467 1120 543 quisque
1147 468 1401 543 primum
1440 466 1663 524 itineris
1701 465 1895 524 locum
1936 475 2155 542 peteret
2180 475 2241 524 et
2266 465 2523 524 deinum

515 558 818 634 pervenire
859 565 1206 633 properaret,
1237 553 1521 624 fecerunt,
1552 563 1617 612 ut
1655 555 1971 614 consimilis
2012 555 2187 632 fugae
2226 555 2523 632 profectio

449 649 490 704 ὅ
517 645 827 704 videretur.
911 645 1044 704 Hac
1087 663 1150 702 re
1191 645 1383 702 statim
1424 643 1643 702 Caesar
1670 661 1775 720 per
1812 643 2207 720 apeculatoees
2244 646 2515 722 cognita,

513 735 752 794 insidias
806 735 1042 804 veritus,
1085 733 1258 810 quod,
1303 751 1423 810 qua
1468 732 1542 790 de
1588 752 1773 792 causa
1818 731 2196 803 discederent,
2241 734 2515 792 nondum

515 835 902 903 perspexerat,
925 824 1246 882 exercitum
1267 824 1705 899 equitatumque
1723 823 1931 882 castris
1948 823 2247 880 continuit.
2302 823 2517 881 Prima

514 913 666 984 luce,
695 914 1036 972 confirmata
1063 931 1126 970 re
1165 913 1240 970 ab
1266 911 1744 988 exploratoribus,
1772 930 2001 970 omnem
2028 913 2367 989 equitatum,
2400 914 2513 988 qui

513 1003 888 1061 novissimum
935 1021 1146 1080 agmen
1189 1011 1531 1071 moraretur,
1562 1001 1879 1078 praemisit.
1962 1001 2075 1060 His
2112 1001 2192 1066 Q.
2234 1001 2509 1072 Pedium,

413 1093 488 1150 1⁰
513 1102 570 1150 et
597 1091 672 1150 L.
699 1092 1172 1150 Aurunculeium
1191 1091 1419 1150 Cottam
1447 1091 1669 1168 legatos
1696 1089 1995 1167 praefecit.
2062 1089 2139 1148 T.
2170 1089 2509 1150 Labienum

513 1180 772 1258 legatum
799 1199 938 1240 cum
967 1180 1292 1258 legionibus
1331 1181 1519 1238 tribus
1546 1180 1822 1256 subsequi
1852 1180 2047 1256 jussit.
2130 1179 2231 1249 Hi,
2260 1182 2510 1238 novissi-

513 1289 636 1330 mos
663 1271 844 1329 adorti
871 1281 930 1328 et
957 1271 1140 1330 multa
1161 1271 1344 1328 millia
1373 1287 1649 1346 passuum
1679 1270 1987 1346 prosecuti,
2010 1287 2283 1346 magnam
2306 1271 2509 1328 multi·

511 1360 770 1418 tudinem
817 1377 1020 1418 eorum
1063 1359 1411 1436 fugientium
1454 1359 1849 1428 conciderunt,
1890 1373 2077 1434 quum
2120 1359 2195 1416 ab
2242 1368 2511 1417 extremo

513 1451 764 1528 agmine,
795 1449 868 1507 ad
893 1468 1038 1526 quos
1079 1459 1314 1508 ventum
1341 1459 1485 1518 erat,
1516 1448 1909 1518 consisterent,
1941 1447 2277 1522 fortiterque
2318 1449 2507 1526 impe.

412 1539 488 1594 15
513 1547 637 1596 tum
664 1549 988 1598 nestrorum
1017 1538 1266 1596 militum
1291 1539 1679 1610 sustinerent3
1725 1538 2059 1613 prioresque
2086 1537 2273 1614 (quod
2292 1539 2507 1596 abesse

513 1647 550 1685 a
577 1628 838 1704 periculo
867 1627 1218 1696 viderentur,
1249 1645 1439 1702 neque
1482 1626 1605 1684 ulla
1644 1627 1987 1684 necessitate
2028 1645 2217 1701 neque
2258 1627 2510 1704 imperio

511 1714 992 1790 continerentur,)
1013 1715 1282 1774 exaudito
1307 1715 1583 1785 clamore,
1602 1717 1949 1818 perturbatis
1968 1714 2281 1785 ordinibus,
2300 1733 2507 1774 omnes

511 1805 573 1862 in
603 1803 742 1881 fuga
769 1805 878 1862 sibi
905 1804 1256 1882 praesidium
1286 1815 1585 1882 ponerent.
1656 1804 1745 1864 Ita
1784 1807 1909 1863 sine
1940 1805 2059 1864 ullo
2087 1787 2349 1882 periculo
2376 1817 2503 1863 tan-

511 1903 632 1950 tam
667 1911 870 1951 eorum
913 1895 1339 1954 multitudinem
1380 1895 1559 1954 nostri
1600 1894 2035 1965 interfecerunt,
2064 1906 2351 1971 quantum
2392 1895 2503 1954 fuit

407 1985 486 2040 2⁰
511 1982 624 2040 diei
671 1984 958 2060 spatium3
1025 1987 1136 2044 sub
1179 2005 1573 2062 occasumque
1626 1986 1765 2044 solis
1810 1985 2167 2056 destiterunt,
2210 2005 2391 2062 seque
2442 1988 2500 2044 in

511 2082 721 2142 castra,
753 2083 816 2130 ut
843 2084 970 2131 erat
997 2075 1362 2151 imperatum,
1392 2085 1759 2153 receperunt.
1790 2087 1797 2096 ·

591 2162 724 2222 XII.
789 2163 1064 2223 Postridie
1107 2164 1160 2241 ej
1168 2184 1238 2223 us
1279 2164 1395 2223 diei
1436 2165 1673 2235 Caesar,
1730 2166 2067 2243 priusquam
2106 2185 2171 2225 se
2208 2166 2399 2223 hostes
2426 2186 2497 2223 ex

509 2262 726 2313 terrore
755 2272 826 2313 ac
857 2253 998 2333 fuga
1025 2255 1368 2329 reciperent,
1398 2255 1459 2311 in
1498 2254 1645 2313 fines
1684 2254 2081 2325 Suessionum,
2110 2256 2211 2331 qui
2254 2257 2497 2331 proximi

511 2341 712 2401 Remis
747 2353 932 2413 erant,
963 2345 1286 2402 exercitum
1323 2343 1507 2413 duxit,
1536 2353 1594 2405 et
1630 2363 1839 2421 magno
1880 2345 2085 2401 itinere
2126 2343 2389 2403 consecto
2426 2346 2496 2403 ad

405 2436 487 2491 25
509 2432 780 2509 oppidum
827 2432 1241 2491 Noviodunum
1287 2432 1597 2491 contendit.
1684 2432 1748 2491 Id
1794 2452 1867 2491 ex
1912 2434 2117 2491 itinere
2162 2452 2495 2512 oppugnare

511 2532 769 2592 conatus,
797 2521 950 2599 quod
979 2540 1232 2579 vacuum
1263 2523 1338 2579 ab
1366 2521 1765 2582 defensoribus
1790 2542 1921 2583 esse
1950 2523 2238 2593 audiebat,
2268 2534 2495 2600 propter

509 2610 871 2670 latitudinem
892 2610 1096 2681 fossae,
1121 2612 1387 2687 murique
1410 2611 1791 2683 altitudinem,
1814 2614 2019 2689 paucis
2038 2612 2491 2683 defendentibus,

509 2716 846 2777 expugnare
886 2718 1000 2759 non
1028 2702 1229 2777 potuit.
1313 2701 1533 2759 Castris
1561 2702 1815 2771 munitis,
1846 2703 2049 2759 vineas
2091 2720 2289 2779 agere,
2318 2722 2489 2779 quae-

509 2806 624 2864 que
653 2788 726 2847 ad
751 2789 1202 2865 oppugnandum
1231 2792 1366 2854 usui
1394 2800 1577 2860 erant,
1607 2809 1945 2867 compar-are
1974 2792 2181 2867 coepit.
2258 2790 2489 2849 Interim

326 2897 335 2902 ·
405 2885 486 2943 80
509 2878 694 2934 omnis
735 2896 808 2935 ex
854 2876 994 2953 fuga
1038 2878 1415 2938 Suessionum
1460 2880 1766 2938 multitudo
1806 2881 1867 2937 in
1910 2879 2185 2957 oppidum
2234 2882 2499 2956 proxima.

508 2975 678 3025 nocte
719 2966 1008 3024 convenit.
1091 2964 1371 3025 Celeriter
1415 2970 1601 3027 vineis
1642 2969 1715 3026 ad
1756 2968 2031 3046 oppidum
2076 2970 2238 3038 actiS,
2280 2988 2487 3063 aggere

501 3055 678 3130 JactO,
690 3054 1062 3131 turribusque
1079 3055 1418 3125 constitutis,
1442 3058 1838 3135 magnitudine
1858 3076 2118 3134 operum,
2134 3076 2285 3133 quae
2306 3052 2486 3133 neque

508 3144 772 3203 viderant
799 3154 931 3203 ante
954 3144 1114 3202 Gaui
1141 3162 1330 3219 neque
1351 3146 1673 3217 audierant,
1696 3157 1753 3205 et
1780 3147 2077 3205 celeritate
2100 3147 2486 3205 Romanorum

508 3234 768 3308 permoti,
790 3233 1010 3311 legatos
1037 3233 1110 3291 ad
1137 3233 1452 3291 Caesarem
1478 3234 1550 3292 de
1578 3236 1859 3295 deditione
1882 3236 2150 3309 mittunt3
2196 3246 2272 3306 et,
2303 3247 2484 3313 peten-

405 3331 482 3385 35
507 3322 662 3379 tibus
689 3322 911 3393 Remis,
943 3332 1004 3381 ut
1030 3334 1532 3393 conservarentur,
1562 3325 1888 3401 impetrant.

591 3410 752 3469 XIII.
796 3411 1033 3482 Caesar,
1083 3412 1377 3471 obsidibus
1438 3415 1712 3491 acceptis,
1760 3415 1961 3491 primis
2015 3415 2267 3473 civitatis
2324 3426 2484 3491 atque
2577 3462 2583 3468 .

507 3498 690 3574 ipsius
719 3499 944 3559 Galbae
969 3503 1122 3577 regis
1141 3501 1367 3561 duobus
1394 3502 1549 3573 filiis,
1572 3504 1867 3579 armisque
1896 3504 2164 3561 omnibus
2192 3524 2263 3561 ex
2292 3505 2485 3581 oppido

507 3587 748 3658 traditis,
777 3588 840 3645 in
881 3588 1228 3647 deditionem
1273 3592 1615 3651 Suessiones
1674 3593 1917 3670 accepit,
1946 3594 2386 3669 exercitumque
2428 3596 2485 3651 in

509 3674 850 3733 Bellovacos
877 3675 1060 3731 duxit.
1144 3677 1267 3741 Qui
1294 3696 1478 3751 quum
1519 3700 1583 3737 se
1622 3699 1847 3755 suaque
1888 3682 2085 3740 omnia
2126 3683 2185 3739 in
2224 3682 2483 3761 oppidum
