2709 4300
275 313 390 362 cu.
411 320 480 372 12,
499 315 588 367 ia]
1059 299 1249 360 Lmen
1283 309 1578 362 marius.
2281 299 2360 362 m

265 451 490 510 auxilia
518 451 578 508 in
597 449 854 508 Galliam
873 451 1188 520 mittantur,
1210 469 1280 508 ac
1301 459 1495 509 tantae
1524 452 1783 510 nationes
1802 451 2254 529 conjungantur.

261 541 348 607 Q.
367 541 666 598 Titurium
685 539 968 596 Sabinum
997 539 1253 616 legatum
1281 559 1419 597 cum
1442 540 1765 617 legionibus
1784 539 1970 598 tribus
1998 541 2057 598 in
2077 539 2256 602 Unel-

261 629 370 700 los,
399 629 792 697 Curiosolitas,
833 627 1236 704 Lexoviosque
1279 629 1469 699 mittit,
1500 631 1603 704 qui
1646 647 1777 686 eam
1822 646 2058 688 manum
2102 631 2255 688 disti·

261 720 515 778 nendum
543 727 730 777 curet.
814 716 890 775 D.
922 717 1170 776 Brutum
1215 717 1636 778 adolescentem
1678 717 1851 776 classi
1894 719 2256 796 Gallicisque

263 810 532 878 navibus,
573 825 721 884 quas
762 825 835 864 ex
865 807 1196 865 Pictonibus
1237 817 1295 889 et
1323 808 1593 866 Santonis
1636 809 1990 884 reliquisque
2036 812 2255 885 pacatis
2280 820 2319 876 5

263 899 599 975 regionibus
641 897 954 954 convenire
993 897 1264 970 jusserat,
1309 898 1612 973 praeficit3
1656 907 1731 968 et,
1778 917 1959 974 quum
2002 901 2254 975 primum

263 989 457 1062 possit,
489 987 549 1044 in
571 986 828 1044 Venetos
857 985 1142 1063 proficisci
1165 987 1350 1062 jubet.
1436 987 1567 1062 Ipse
1594 1007 1665 1044 eo
1690 987 2049 1064 pedestribus
2074 990 2257 1066 copiis

263 1075 574 1134 contendit.

235 1222 250 1234 ‚
345 1164 478 1222 XII.
523 1164 712 1222 Erant
740 1163 1021 1240 ejusmodi
1063 1163 1184 1221 fere
1227 1165 1375 1222 situs
1414 1165 1769 1240 oppidorum,
1810 1176 1890 1235 ut,
1934 1167 2117 1242 posita
2154 1186 2250 1224 ex-

261 1255 462 1311 tremis
488 1254 732 1330 lingulis
757 1254 1285 1329 promunturiisque,
1313 1271 1505 1329 neque
1535 1255 1775 1331 pedibus
1816 1256 2037 1314 aditum
2080 1258 2249 1315 habe-
2284 1263 2357 1319 10

261 1353 406 1412 rent,
450 1361 634 1419 quum
674 1361 747 1399 ex
797 1342 914 1400 alto
953 1361 1016 1399 se
1062 1353 1255 1399 aestus
1298 1339 1671 1412 incitavisset,
1714 1343 1865 1419 quod
1910 1345 1999 1402 bis
2042 1347 2253 1404 accidit

259 1449 492 1509 semper
536 1432 813 1490 horarum
851 1447 997 1490 xxiv
1025 1433 1248 1507 spati03
1295 1449 1485 1506 neque
1524 1433 1787 1501 navibus,
1831 1433 2003 1507 quod,
2050 1451 2253 1492 rursus

261 1524 560 1579 minuente
589 1531 772 1590 aestu,
795 1539 978 1578 naves
1003 1521 1066 1578 in
1095 1520 1260 1578 vadis
1280 1521 1714 1578 afflictarentur.
1799 1520 1887 1578 Ita
1916 1532 2159 1597 utraque
2190 1541 2251 1582 re

259 1611 600 1687 oppidorum
626 1612 976 1687 oppugnatio
1001 1609 1463 1686 impediebatur3
1508 1627 1597 1679 ac,
1628 1610 1677 1666 si
1706 1610 1939 1684 quando
1964 1613 2249 1687 magnitu.

259 1699 396 1758 dine
423 1702 614 1777 operis
657 1699 802 1757 forte
849 1701 1126 1776 superati,
1157 1709 1391 1757 extruso
1417 1701 1567 1758 mari
1608 1717 1823 1776 aggere
1869 1719 1941 1758 ac
1986 1701 2248 1771 molibus,
2282 1707 2355 1761 15

261 1799 437 1866 atque
485 1792 576 1848 his
626 1789 806 1848 ferme
853 1791 1044 1867 oppidi
1089 1790 1391 1848 moenibus
1434 1789 1787 1866 adaequatis,
1832 1792 1959 1848 suis
2012 1791 2253 1850 fortunis

259 1880 565 1956 desperare
607 1891 930 1956 coeperant,
961 1896 1174 1956 magno
1219 1898 1461 1938 numero
1500 1881 1737 1937 navium
1780 1881 2037 1957 appulso,
2078 1884 2252 1958 cujus

261 1971 347 2028 rei
395 1987 683 2028 summam
731 1969 1068 2028 facultatem
1113 1971 1418 2039 habebant,
1468 1989 1576 2027 sua
1624 1970 1997 2046 deportabant
2036 1975 2247 2043 omnia,

259 2055 530 2136 seque'in
559 2060 818 2136 proxima
859 2059 1066 2136 oppida
1109 2060 1479 2135 recipiebant.
1566 2060 1652 2118 Ibi
1693 2081 1755 2118 se
1800 2078 2005 2120 rursus
2046 2063 2247 2120 iisdem

258 2151 776 2227 opportunitatibus
803 2147 916 2208 loci
945 2148 1343 2208 defendebant.
1431 2150 1695 2209 Haec-eo
1718 2151 1949 2210 facilius
1976 2171 2249 2232 magnam
2272 2154 2355 2208 20

261 2250 488 2316 partem
524 2240 756 2296 aestatis
797 2238 1106 2308 faciebant,
1135 2238 1286 2314 quod
1327 2250 1557 2298 nostrae
1597 2258 1778 2299 naves
1818 2246 2250 2317 tempestatibus

187 2398 202 2409 Ι
259 2329 682 2397 detinebantur,
702 2345 1042 2404 summaque
1071 2336 1196 2386 erat
1217 2338 1377 2387 vasto
1406 2339 1577 2407 atque
1604 2338 1801 2405 aperto
1828 2332 1993 2400 mari,
2024 2334 2251 2407 magnis

261 2418 532 2489 aestibus,
563 2419 710 2475 raris
739 2436 810 2475 ac
839 2437 1012 2495 prope
1040 2419 1220 2475 nullis
1248 2420 1523 2496 portibus,
1556 2418 1866 2475 difficultas
1894 2421 2225 2497 navigandi.

343 2507 502 2566 XIII.
545 2508 818 2583 Namque
863 2508 1116 2583 ipsorum
1155 2527 1332 2566 naves
1374 2508 1445 2566 ad
1484 2509 1641 2565 hunc
1682 2506 1914 2565 modum
1944 2506 2131 2566 factae
2160 2527 2247 2566 ar-

153 2633 161 2642 κ
259 2606 566 2673 mutaeque
593 2607 779 2655 erant.
861 2597 1112 2655 Carinae
1155 2598 1451 2675 aliquanto
1491 2597 1797 2673 planiores,
1826 2614 2001 2673 quam
2030 2606 2247 2655 nostra-
2272 2600 2353 2654 25

259 2706 394 2745 rum
421 2688 678 2757 navium,
708 2706 824 2763 quo
853 2686 1086 2745 facilius
1113 2689 1262 2745 vada
1291 2706 1363 2743 ac
1402 2686 1709 2743 decessum
1752 2696 1945 2743 aestus
1978 2687 2249 2763 excipere

257 2788 526 2855 possent:
591 2796 794 2855 prorae
845 2777 1152 2835 admodum
1201 2785 1451 2845 erectae,
1502 2785 1675 2849 atque
1722 2777 1859 2831 item
1909 2794 2126 2851 puppes
2176 2777 2247 2834 ad

259 2867 715 2944 magnitudinem
785 2867 1071 2924 fluctuum
1139 2872 1657 2940 tempestatumque
1728 2864 2191 2923 accommodatae
2225 2885 2243 2939 3

257 2976 442 3015 naves
468 2966 618 3015 totae
647 2957 836 3015 factae
865 2976 939 3013 ex
969 2957 1187 3024 robore,
1213 2954 1284 3012 ad
1312 2954 1581 3029 quamvis
1610 2955 1726 3011 vim
1755 2964 1811 3012 et
1838 2955 2248 3012 contumeliam

261 3046 662 3123 perferendam
687 3067 702 3103 z
743 3055 996 3103 transtra
1023 3045 1324 3121 pedalibus
1351 3045 1411 3101 in
1440 3044 1801 3102 latitudinem
1830 3045 2089 3102 trabibus
2118 3064 2245 3102 con·
2276 3042 2353 3099 ω

259 3138 380 3197 fixa
407 3137 592 3195 clavis
619 3136 842 3205 ferreis,
872 3134 1036 3211 digiti
1065 3136 1290 3211 pollicis
1329 3134 1713 3193 crassitudine
1738 3155 1751 3191 ε
1796 3136 2103 3203 anchorae,
2147 3152 2249 3210 pro

262 3227 517 3296 funibuS,
547 3225 748 3283 ferreis
775 3226 998 3283 catenis
1025 3225 1354 3283 revinctae:
1400 3225 1581 3300 pelles
1608 3238 1711 3299 pro
1738 3224 1901 3293 velis,
1934 3224 2247 3299 alutaeque

257 3318 512 3377 tenuiter
539 3315 874 3373 confectae:
917 3315 1026 3371 hae
1065 3314 1186 3371 sive
1229 3322 1455 3390 propter
1480 3314 1585 3370 lini
1614 3312 1881 3387 inopiam,
1908 3322 2079 3387 atque
2121 3313 2249 3388 ejus

259 3426 404 3465 usus
445 3404 826 3474 inscientiam,
869 3405 993 3460 sive
1035 3422 1122 3473 ee,
1167 3403 1320 3478 quod
1365 3412 1451 3460 est
1494 3402 1681 3478 magis
1722 3401 2051 3470 verisimile,
2096 3401 2247 3477 quod

255 3504 450 3555 tantas
475 3503 844 3570 tempestates
871 3492 1112 3563 Oceani,
1154 3502 1455 3568 tantosque
1496 3492 1743 3565 impetus
1784 3500 2084 3547 ventorum
2122 3510 2245 3549 sus·
2272 3491 2351 3549 35

255 3586 450 3653 thisri,
481 3602 552 3641 ac
593 3592 752 3641 tanta
795 3600 972 3639 onera
998 3582 1234 3639 navium
1277 3583 1403 3657 regi
1433 3580 1577 3637 veiis
1616 3595 1731 3637 non
1772 3580 1913 3636 satis
1951 3580 2247 3639 commode

259 3690 426 3751 posse
475 3671 922 3729 arbitrabantur.
963 3728 967 3732 ,
1005 3670 1156 3728 Cum
1185 3670 1274 3727 his
1317 3669 1565 3725 navibus
1609 3678 1839 3725 nostrae
1880 3668 2053 3725 classi
2095 3670 2244 3745 ejus·

259 3762 414 3819 modi
453 3776 803 3838 congressus
849 3768 994 3829 erat,
1017 3768 1082 3815 ut
1129 3774 1250 3816 una
1289 3758 1589 3816 eeleritate
1636 3766 1695 3814 et
1736 3756 1907 3832 pulsu
1957 3768 2247 3817 remorum

259 3860 618 3933 praestariam
663 3850 906 3926 reliqua,
936 3864 1040 3927 pm
1061 3848 1178 3907 loci
1205 3858 1433 3919 natura,
1463 3864 1565 3927 pro
1590 3847 1650 3905 vi
1676 3854 2099 3925 tempoeunum,
2128 3848 2247 3907 illis

1257 3941 1296 3994 6
