2709 4300
211 263 339 310 Gar.
356 263 535 316 34-36.}
993 263 1186 312 LIBER
1210 265 1538 329 QUARTUS.
2019 229 2032 238 l
2227 259 2314 328 83

210 398 459 474 proeliis
486 407 797 474 praestant,
828 417 901 458 ac
928 408 1155 458 tantum
1196 419 1309 458 usu
1334 401 1664 482 quotidiano
1703 411 1760 460 et
1799 403 2208 462 exercitatione

210 487 505 557 efficiunt,
558 487 641 544 uti
688 488 747 544 in
804 487 1014 546 declivi
1064 507 1135 545 ac
1183 491 1484 565 praecipiti
1539 489 1664 548 loco
1719 491 1982 548 incitato·
2029 509 2208 567 equos

209 576 529 644 sustinere,
558 586 616 633 et
644 576 805 632 brevi
832 575 1117 634 moderari
1146 596 1217 634 ac
1259 578 1510 647 flectere,
1541 587 1598 634 et
1624 595 1728 654 per
1767 588 2050 638 temonem
2082 597 2204 655 per-

210 683 487 734 currere,
517 675 575 722 et
614 665 675 720 in
710 665 855 740 jugo
894 665 1175 734 insistere,
1206 673 1263 722 et
1302 665 1436 722 inde
1479 685 1542 723 se
1582 667 1644 722 in
1683 683 1892 724 currus
1930 667 2208 726 citissime

212 754 487 827 recipere
516 754 865 810 consuerint.
926 823 933 828 .
2229 763 2270 820 5

304 839 589 898 XXXIV.
634 841 865 906 Quibus
907 841 1097 912 rebus,
1136 843 1484 918 perturbatis
1522 844 1729 902 nostris
1769 843 2018 902 novitate
2063 863 2204 922 pug-

210 947 353 998 nae,
394 939 651 1004 tempore
678 931 1153 1004 opportunissimo
1181 930 1401 988 Caesar
1431 932 1716 988 auxilium
1744 932 1874 990 tulit
1897 953 1910 990 :
1953 951 2204 1008 namque

210 1019 352 1093 ejus
383 1017 633 1094 adventu
662 1018 851 1074 hostes
878 1019 1275 1088 constiterunt,
1314 1020 1495 1076 nostri
1535 1039 1598 1076 se
1627 1039 1700 1076 ex
1743 1021 1944 1077 timore
1974 1039 2204 1096 recepe-

212 1115 379 1164 runt.
467 1106 601 1170 Quo
630 1105 799 1176 facte,
830 1105 902 1162 ad
930 1106 1329 1164 lacessendum
1361 1117 1418 1166 et
1447 1107 1518 1164 ad
1547 1109 2014 1166 committendum
2044 1128 2202 1185 proe-

211 1194 369 1252 lium
400 1194 656 1252 alienum
685 1214 811 1252 esse
840 1204 1063 1272 tempus
1092 1197 1422 1266 arbitratae,
1453 1216 1560 1254 suo
1587 1217 1649 1254 se
1677 1196 1800 1254 loco
1828 1199 2124 1266 continuit,
2149 1208 2206 1256 et
2234 1200 2308 1256 10

214 1285 388 1342 bre-vi
416 1294 673 1362 tempore
714 1286 1057 1356 intermisse,
1087 1286 1147 1342 in
1189 1297 1384 1344 castra
1423 1286 1680 1362 legiones
1720 1287 1965 1344 reduxit.
2047 1287 2205 1347 Dum

213 1376 371 1433 haec
396 1386 701 1452 geruntur,
733 1377 941 1434 nostris
968 1378 1235 1435 omnibus
1274 1379 1589 1453 occupatiS,
1619 1379 1720 1453 qui
1763 1388 1928 1436 erant
1961 1381 2022 1435 in
2051 1381 2206 1455 agris

216 1466 456 1541 reliqui,
480 1465 885 1524 discesserunt.
970 1467 1223 1524 Secutae
1240 1476 1378 1524 sunt
1405 1467 1704 1525 continuos
1733 1467 2058 1540 complures
2084 1469 2206 1524 dies

214 1564 609 1630 tempestateS,
647 1573 797 1628 quae
838 1565 897 1614 et
922 1565 1142 1612 nostros
1170 1556 1229 1612 in
1259 1557 1464 1612 castris
1489 1555 1861 1624 continerent,
1905 1566 1963 1612 et
1989 1556 2205 1612 hostem

216 1663 255 1700 a
310 1662 513 1720 pugna
566 1644 949 1719 prohiberent.
1054 1643 1291 1702 Interim
1336 1642 1568 1701 barbari
1611 1643 1854 1700 nuncios
1901 1643 1962 1698 in
2009 1661 2206 1700 omnes
2235 1642 2308 1696 15

216 1743 417 1810 partes
472 1733 829 1803 dimiserunt,
884 1734 1353 1814 paucitatemque
1408 1742 1730 1790 nostrorum
1785 1732 2032 1790 militum
2085 1733 2206 1790 suis

218 1823 725 1898 praedicaverunt,
756 1833 813 1880 et
832 1833 1051 1898 quanta
1078 1822 1328 1898 praedae
1372 1821 1688 1890 faciendae,
1721 1830 1892 1895 atque
1919 1822 1980 1876 in
2007 1839 2205 1897 perpe-

216 1925 391 1970 tuum
418 1913 511 1969 sui
538 1912 819 1970 liberandi
848 1911 1097 1972 facultas
1122 1911 1376 1981 daretur,
1399 1912 1449 1968 si
1479 1910 1768 1968 Romanos
1797 1910 2001 1968 castris
2029 1928 2204 1986 expu-

218 2002 443 2072 lissent,
474 2002 1031 2060 demonstraverunt.
1114 2001 1227 2058 His
1268 2001 1442 2058 rebus
1483 1999 1750 2056 celeriter
1777 2017 1990 2075 magna
2015 1999 2204 2056 multi-

217 2092 423 2151 tudine
454 2091 739 2169 peditatus
768 2092 1171 2168 equitatusque
1201 2100 1418 2159 coacta,
1451 2087 1520 2144 ad
1552 2097 1746 2144 castra
1773 2097 2078 2146 venerunt.
2231 2089 2310 2144 2⁰

308 2180 559 2241 XXXV.
631 2182 868 2249 Caesar,
924 2180 1033 2237 etsi
1100 2180 1270 2248 idem,
1326 2176 1476 2253 quod
1545 2178 1936 2253 superioribus
2001 2178 2205 2238 diebus

221 2271 537 2340 acciderat,
569 2269 689 2327 sore
732 2270 978 2338 videbat,
1022 2278 1103 2337 ut,
1144 2269 1193 2323 si
1234 2275 1425 2324 essent
1466 2266 1656 2322 hostes
1697 2265 1864 2341 pulsi,
1910 2265 2206 2323 celeritate

222 2360 555 2437 periculum
584 2352 907 2435 effugefent
929 2377 947 2429 3
994 2367 1183 2414 tamen
1212 2366 1419 2411 nactus
1447 2354 1670 2427 equites
1697 2354 1925 2409 circiter
1951 2354 2204 2427 triginta,

222 2469 371 2524 quos
398 2448 695 2505 Commius
724 2446 990 2513 AtrebaS,
1022 2444 1093 2500 de
1116 2462 1231 2517 quo
1260 2452 1392 2499 ante
1419 2441 1636 2498 dictum
1667 2448 1768 2507 est,
1799 2458 1998 2497 secum
2026 2449 2206 2501 trans-

222 2547 572 2616 portaverat,
604 2536 859 2611 legiones
886 2534 945 2588 in
976 2532 1101 2590 acie
1130 2549 1231 2606 pro
1260 2530 1466 2587 castris
1495 2528 1804 2585 constituit,
1891 2527 2208 2585 Commisso
2234 2530 2311 2583 25

225 2627 462 2703 proelio,
500 2624 715 2681 diutius
742 2632 1064 2679 nostrorum
1094 2619 1343 2675 militum
1369 2619 1648 2693 impetum
1674 2617 1862 2673 hostes
1887 2614 2054 2685 ‚ferre
2095 2634 2208 2672 non

226 2724 554 2793 potuerunt,
607 2730 677 2769 ac
726 2721 891 2787 terga
940 2716 1255 2767 verterunt.
1363 2705 1528 2769 Quos
1574 2714 1730 2761 tanto
1770 2704 1950 2779 spatio
2005 2706 2208 2772 secuti,

224 2815 511 2881 quantum
538 2819 717 2859 eursu
746 2810 804 2857 et
832 2800 1051 2856 viribus
1078 2794 1309 2853 efficere
1332 2802 1656 2869 potuerunt,
1687 2793 2012 2867 complures
2039 2812 2112 2849 ex
2140 2793 2212 2849 iis

224 2893 565 2951 occiderunt
590 2909 607 2961 3
653 2888 878 2957 deinde,
908 2887 1175 2945 omnibus
1203 2884 1376 2959 longe
1404 2882 1634 2957 lateque
1677 2881 1908 2939 afflictis
1935 2881 2208 2939 incensis-

227 3000 363 3058 que,
397 3000 459 3036 se
487 2980 547 3035 in
576 2988 767 3035 castra
794 2985 1159 3052 receperunt.
2239 2968 2316 3023 30

314 3066 595 3125 XXXVI.
640 3066 863 3123 Eodem
892 3056 999 3123 die*
1012 3064 1207 3139 legati,
1239 3061 1313 3117 ab
1340 3060 1598 3118 hostibus
1625 3060 1785 3117 missi
1814 3058 1883 3116 ad
1901 3058 2213 3116 Caesarem

230 3157 305 3214 de
356 3174 520 3233 pace,
550 3164 854 3213 venerunt.
938 3152 1050 3211 His
1096 3152 1317 3209 Caesar
1359 3168 1668 3227 numerum
1715 3146 1994 3215 obsidum,
2038 3164 2213 3221 quem

232 3255 405 3303 antea
434 3246 837 3319 imperaverat,
868 3241 1204 3318 duplicavit,
1236 3256 1449 3313 eosque
1489 3238 1549 3295 in
1589 3237 1976 3294 continentem
2005 3234 2215 3291 adduci

226 3335 421 3411 jussit,
450 3332 621 3408 quod,
642 3332 961 3408 propinqua
988 3330 1079 3386 die
1098 3326 1466 3403 aequinoctii,
1486 3323 2016 3391 infirmis‘navibus,
2039 3322 2216 3378 hiemi

234 3423 664 3498 navigationem
692 3418 1110 3494 subjiciendam
1151 3434 1265 3473 non
1308 3412 1690 3471 existimabat.
1775 3410 1921 3487 Ipse,
1952 3411 2216 3467 idoneam
2243 3408 2320 3462 35

236 3519 635 3587 tempestatem
663 3520 887 3579 nactus,
918 3508 1092 3586 paulo
1130 3516 1251 3583 post
1280 3504 1529 3561 mediam
1570 3512 1796 3560 noctem
1823 3520 2002 3557 naves
2029 3499 2214 3569 solvit,

237 3617 391 3676 quae
420 3618 619 3657 omnes
654 3598 977 3657 incolumes
1007 3596 1079 3653 ad
1120 3594 1512 3651 continentem
1551 3599 1972 3667 pervenerunt3
2017 3588 2118 3645 sed
2145 3606 2218 3643 ex

238 3690 331 3749 his
357 3689 659 3746 onerariae
688 3688 839 3745 duae
868 3686 1113 3753 eosdem,
1144 3700 1288 3757 quos
1328 3680 1606 3756 reliquae,
1635 3688 1831 3755 portus
1871 3696 2080 3755 capere
2107 3694 2221 3733 non

240 3786 567 3856 potuerunt,
596 3786 653 3835 et
682 3775 855 3853 paulo
882 3773 1033 3832 infra
1060 3773 1283 3830 delatae
1312 3779 1466 3827 sunt.
