2709 4300
418 301 510 362 ω
571 340 579 348 -
1114 315 1201 362 ns
1226 313 1438 361 samm
1459 313 1748 362 oALmoo
2221 313 2337 358 cn.
2351 289 2516 358 'is-1⁷.

522 448 603 504 ris
630 465 783 517 rasa,
812 460 1043 525 praeter
1068 461 1243 527 caput
1276 461 1334 510 et
1375 451 1604 508 labrum
1647 450 1934 526 superius.
2019 449 2246 507 Uxores
2293 449 2522 506 habent

520 536 655 594 deni
682 538 1047 615 duodenique
1088 541 1237 598 inter
1262 561 1325 598 se
1352 559 1703 609 communes,
1733 549 1790 596 et
1823 541 2076 596 maxime
2117 538 2328 596 fratres
2369 559 2520 598 cum

522 625 815 696 fratribus,
846 639 1223 704 parentesque
1266 649 1404 688 cum
1453 630 1684 702 liberis3
1731 629 1849 699 sed,
1895 631 1944 686 si
1983 629 2086 704 qui
2125 639 2262 686 sunt
2301 647 2380 687 ex
2421 631 2526 686 his

522 716 661 785 nati,
692 733 895 774 eorum
924 718 1209 776 habentur
1251 719 1437 789 liberi,
1467 737 1582 796 quo
1611 720 1874 795 ‘primum
1900 720 2064 795 virgo
2101 734 2374 796 quaeque
2410 719 2516 776 de-

460 811 501 865 5
522 804 697 862 ducta
726 816 831 863 est.

606 893 739 952 XV.
784 893 1028 971 Equites
1081 897 1331 954 hemum
1385 898 1776 974 essedariique
1829 899 2046 956 acriter
2097 897 2314 974 proelio
2369 915 2518 955 cum

522 984 782 1058 equitatu
811 995 1002 1043 nostro
1028 987 1089 1042 in
1116 987 1321 1044 itinere
1363 989 1764 1057 conflixerunt,
1795 997 1988 1044 tamen
2015 997 2079 1044 ut
2105 989 2284 1046 nostri
2323 988 2514 1044 omni·

524 1071 633 1128 bus
661 1072 920 1148 partibus
946 1076 1271 1150 superiores
1300 1075 1530 1145 fuerint,
1563 1086 1734 1151 atque
1779 1078 1964 1134 eos‘in
1993 1076 2172 1133 silvas
2211 1076 2518 1151 collesque

524 1161 940 1237 compulerint:
982 1164 1103 1232 sed,
1134 1164 1527 1240 compluribus
1567 1164 1903 1234 interfectis,
1933 1165 2200 1240 cupidius
2241 1165 2513 1233 insecuti,

424 1261 499 1316 10
524 1250 831 1308 nonnullos
884 1269 957 1309 ex
1010 1254 1133 1310 suis
1188 1255 1524 1312 amiserunt.
1629 1255 1714 1310 At
1767 1255 1872 1323 illi,
1931 1253 2252 1310 intermisso
2305 1253 2514 1329 spatiO,

524 1338 983 1413 imprudentibus
1010 1343 1217 1398 nostris
1237 1353 1410 1418 atque
1429 1344 1728 1417 occupatis
1751 1344 1808 1399 in
1833 1343 2146 1399 munitione
2163 1352 2512 1410 castrorum,

525 1425 713 1484 subito
754 1447 817 1486 se
844 1447 920 1486 ex
960 1430 1122 1486 silvis
1170 1431 1509 1506 ejecerunt3
1559 1433 1898 1507 impetuque
1940 1431 2003 1486 in
2045 1449 2146 1488 eos
2189 1430 2360 1500 facto,
2407 1433 2514 1507 qui

526 1528 693 1574 erant
722 1518 783 1574 in
808 1520 1051 1578 statione
1093 1537 1195 1595 pro
1234 1521 1444 1577 castris
1485 1521 1768 1588 collocati,
1799 1519 2012 1577 acriter
2059 1529 2472 1595 pugnaverunt
2495 1541 2512 1576 ε

524 1605 866 1682 duabusque
912 1609 1102 1666 missis
1142 1607 1400 1666 subsidio
1437 1609 1766 1666 cohortibus
1807 1627 1844 1665 a
1885 1609 2156 1677 Caesare,
2199 1619 2378 1683 atque
2418 1609 2514 1666 his

428 1699 501 1754 15
527 1696 725 1769 primis
747 1696 1039 1771 legionum
1060 1697 1329 1766 duarum,
1346 1713 1530 1774 quum
1551 1698 1680 1766 hae,
1701 1699 2017 1774 perexiguo
2045 1697 2370 1756 intermisso
2395 1697 2514 1754 loci

526 1785 709 1858 spatio
750 1785 899 1842 inter
938 1805 1020 1854 se,
1050 1787 1456 1854 constitissent,
1483 1803 1632 1842 novo
1657 1805 1872 1862 genere
1917 1805 2146 1862 pugnae
2192 1787 2514 1862 perterritis

526 1873 752 1942 nostris,
784 1892 887 1950 per
926 1875 1143 1932 medios
1184 1873 1568 1932 audacissime
1612 1886 2014 1950 perruperunt,
2041 1893 2220 1950 seque
2249 1875 2382 1932 inde
2421 1876 2510 1931 in-

526 1960 785 2018 columes
834 1973 1199 2038 receperunt.
1284 1964 1376 2020 Eo
1415 1964 1508 2022 die
1549 1964 1628 2028 Q.
1662 1963 1952 2020 Laberius
1992 1963 2209 2033 Durus,
2239 1965 2512 2020 tribunus

527 2049 792 2120 militum,
824 2051 1185 2110 interficitur.
1270 2052 1384 2122 Illi,
1415 2053 1678 2128 pluribus
1703 2053 2004 2110 submissis
2043 2053 2390 2122 cohortibus,
2419 2069 2508 2109 re·

422 2146 503 2201 20
529 2139 845 2213 pelluntur.

624 2228 787 2287 XVI.
850 2230 997 2289 Toto
1051 2232 1159 2288 hoc
1214 2232 1274 2287 in
1328 2248 1544 2307 genere
1599 2249 1850 2309 pugnae,
1906 2250 2090 2308 quum
2143 2233 2254 2289 sub
2321 2232 2512 2289 oculis

526 2317 785 2375 omnium
826 2338 897 2377 ae
938 2339 1041 2396 pro
1080 2322 1287 2377 castris
1318 2321 1712 2390 dimicaretur,
1743 2322 2103 2379 intellectum
2131 2332 2236 2390 est,
2265 2330 2509 2389 ηοεῑτοε,

527 2417 757 2482 propter
782 2410 1125 2484 gravitatem
1166 2419 1516 2479 armaturae,
1546 2410 1696 2484 quod
1739 2428 1928 2485 neque
1965 2410 2194 2486 insequi
2235 2410 2512 2467 cedentes

528 2507 771 2571 possent,
800 2516 989 2573 neque
1017 2498 1089 2555 ab
1114 2499 1297 2575 signis
1322 2498 1620 2555 discedere
1649 2499 1944 2567 auderent,
1975 2500 2166 2557 minus
2195 2510 2355 2573 aptos
2381 2517 2512 2555 esse

424 2596 503 2651 25
530 2585 602 2642 ad
646 2587 821 2661 hujus
864 2588 1095 2662 generis
1136 2588 1394 2659 hostem;
1439 2588 1662 2662 equites
1701 2598 1896 2645 autem
1939 2606 2148 2665 magno
2185 2606 2326 2644 cum
2365 2588 2510 2663 peri-

528 2674 663 2732 culo
692 2675 909 2751 proelio
934 2675 1229 2746 dimicare,
1260 2687 1562 2753 propterea
1587 2677 1740 2751 quod
1769 2677 1856 2733 illi
1883 2678 2056 2733 etiam
2083 2676 2350 2740 consulto
2391 2675 2510 2751 ple-

528 2781 775 2839 rumque
818 2765 1129 2837 cederent3
1175 2775 1251 2838 et,
1300 2784 1480 2841 quum
1523 2766 1764 2841 paulum
1809 2766 1882 2821 ab
1927 2765 2248 2843 legionibus
2289 2774 2514 2821 nostros

528 2855 919 2923 removissent,
950 2873 1023 2910 ex
1050 2855 1267 2911 essedis
1306 2853 1620 2923 desilirent,
1643 2863 1708 2931 et
1751 2854 1990 2930 pedibus
2033 2854 2248 2930 dispari
2294 2853 2514 2929 proelio

530 2943 957 3000 contenderent.
1042 2942 1345 3017 Equestris
1374 2953 1568 3000 autem
1591 2944 1792 3018 proelii
1821 2945 1964 3000 ratio
1991 2953 2048 2999 et
2075 2939 2439 3001 cedentibus*
2457 2952 2514 3000 et

426 3040 507 3097 30
530 3031 963 3107 insequentibus
990 3048 1095 3105 par
1122 3041 1293 3106 atque
1322 3032 1474 3088 idem
1499 3032 1827 3108 periculum
1859 3031 2162 3089 inferebat.
2246 3030 2514 3089 Accede-

530 3121 629 3177 bat
654 3121 789 3189 huc,
822 3128 885 3176 ut
910 3138 1211 3194 nunquam
1236 3119 1500 3189 conferti,
1527 3120 1628 3177 sed
1670 3122 1788 3177 rari
1821 3122 2160 3197 magnisque
2189 3119 2518 3178 intervallis

530 3209 967 3285 proeliarentur,
992 3210 1376 3283 stationesque
1405 3209 1700 3283 dispositas
1729 3210 2021 3278 haberent,
2046 3219 2218 3285 atque
2245 3208 2390 3267 alios
2411 3207 2518 3266 a‘lii

530 3298 803 3373 deinceps
850 3299 1199 3374 exciperent,
1248 3298 1574 3374 integrique
1613 3306 1673 3355 et
1713 3308 1976 3355 recentes
2015 3296 2342 3374 defatigatis
2381 3316 2514 3355 suc·

530 3386 821 3444 cederent.
1593 3454 1596 3459 Ι

428 3484 507 3541 35
606 3474 803 3533 XVII.
850 3476 1081 3534 Postero
1134 3476 1245 3545 die,
1300 3474 1502 3553 procul
1559 3494 1596 3533 a
1649 3475 1853 3533 castris
1905 3474 2098 3533 hostes
2151 3476 2212 3532 in
2265 3474 2516 3533 collibus

532 3565 925 3633 constiterunt,
982 3566 1217 3641 rarique
1270 3584 1335 3622 se
1387 3565 1705 3634 ostendere,
1755 3575 1814 3623 et
1868 3565 2060 3622 lenius
2111 3582 2286 3640 quam
2329 3564 2515 3639 pridie

531 3662 753 3710 nostros
800 3654 1022 3727 equites
1070 3654 1285 3728 proelio
1338 3653 1626 3711 lacessere
1667 3663 1998 3729 coeperunt.
2083 3653 2198 3709 Sed
2252 3652 2512 3723 meridie,

532 3758 717 3814 quum
760 3740 981 3797 Caesar
1026 3741 1337 3814 pabulandi
1379 3760 1560 3799 causa
1599 3752 1718 3799 tres
1757 3742 2016 3817 legiones
2060 3751 2236 3816 atque
2283 3759 2514 3799 omnem

534 3826 857 3895 equitatum
910 3842 1049 3881 cum
1098 3828 1170 3883 G.
1228 3828 1521 3885 Trebonio
1573 3830 1762 3905 legato
1829 3830 2096 3901 misisset,
2121 3838 2388 3906 -repente
2441 3845 2512 3888 ex
