<?xml version="1.0" encoding="UTF-8"?>
<!DOCTYPE html PUBLIC "-//W3C//DTD XHTML 1.0 Transitional//EN"
    "http://www.w3.org/TR/xhtml1/DTD/xhtml1-transitional.dtd">
<html xmlns="http://www.w3.org/1999/xhtml" xml:lang="en" lang="en">
 <head>
  <title>
</title>
<meta http-equiv="Content-Type" content="text/html;charset=utf-8" />
  <meta name='ocr-system' content='tesseract 3.04.00' />
  <meta name='ocr-capabilities' content='ocr_page ocr_carea ocr_par ocr_line ocrx_word'/>
</head>
<body>
  <div class='ocr_page' id='page_1' title='image "./cjuliuscaesarsc01spengoog_0182.png"; bbox 0 0 2709 4300; ppageno 0'>
   <div class='ocr_carea' id='block_1_1' title="bbox 380 185 2462 249">
    <p class='ocr_par' dir='ltr' id='par_1_1' title="bbox 380 185 2462 249">
     <span class='ocr_line' id='line_1_1' title="bbox 380 185 2462 249; baseline -0.002 -2"><span class='ocrx_word' id='word_1_1' title='bbox 380 185 503 248; x_wconf 77' lang='lat'><strong>170</strong></span> <span class='ocrx_word' id='word_1_2' title='bbox 1124 195 1213 244; x_wconf 78' lang='lat' dir='ltr'><strong>m:</strong></span> <span class='ocrx_word' id='word_1_3' title='bbox 1238 195 1448 242; x_wconf 74' lang='lat' dir='ltr'><strong>mm</strong></span> <span class='ocrx_word' id='word_1_4' title='bbox 1471 195 1774 244; x_wconf 60' lang='lat' dir='ltr'><strong>cunco.</strong></span> <span class='ocrx_word' id='word_1_5' title='bbox 2261 196 2393 249; x_wconf 59' lang='lat' dir='ltr'><strong>[cst.</strong></span> <span class='ocrx_word' id='word_1_6' title='bbox 2413 201 2462 242; x_wconf 75' lang='lat' dir='ltr'><strong>m</strong></span> 
     </span>
    </p>
   </div>
   <div class='ocr_carea' id='block_1_2' title="bbox 380 331 2544 1396">
    <p class='ocr_par' dir='ltr' id='par_1_2' title="bbox 380 331 2544 1396">
     <span class='ocr_line' id='line_1_2' title="bbox 476 331 2484 414; baseline -0.002 -18"><span class='ocrx_word' id='word_1_7' title='bbox 476 331 771 414; x_wconf 70' lang='lat' dir='ltr'><strong>Legiones</strong></span> <span class='ocrx_word' id='word_1_8' title='bbox 815 333 876 392; x_wconf 85' lang='lat' dir='ltr'><strong>in</strong></span> <span class='ocrx_word' id='word_1_9' title='bbox 924 333 1169 392; x_wconf 84' lang='lat' dir='ltr'><strong>hiberna</strong></span> <span class='ocrx_word' id='word_1_10' title='bbox 1194 333 1401 392; x_wconf 83' lang='lat' dir='ltr'><strong>mittit:</strong></span> <span class='ocrx_word' id='word_1_11' title='bbox 1463 333 1824 410; x_wconf 78' lang='lat' dir='ltr'><strong>captivorum</strong></span> <span class='ocrx_word' id='word_1_12' title='bbox 1879 331 2114 392; x_wconf 77' lang='lat' dir='ltr'>circiter</span> <span class='ocrx_word' id='word_1_13' title='bbox 2169 350 2252 392; x_wconf 83' lang='lat'><strong>11</strong></span> <span class='ocrx_word' id='word_1_14' title='bbox 2302 332 2484 392; x_wconf 82' lang='lat' dir='ltr'><strong>millia</strong></span> 
     </span>
     <span class='ocr_line' id='line_1_3' title="bbox 478 421 2483 500; baseline -0.003 -14"><span class='ocrx_word' id='word_1_15' title='bbox 478 423 707 486; x_wconf 75' lang='lat' dir='ltr'><strong>Aeduis</strong></span> <span class='ocrx_word' id='word_1_16' title='bbox 735 423 1140 500; x_wconf 77' lang='lat' dir='ltr'><strong>Arvernisque</strong></span> <span class='ocrx_word' id='word_1_17' title='bbox 1170 422 1390 482; x_wconf 78' lang='lat' dir='ltr'>reddit:</span> <span class='ocrx_word' id='word_1_18' title='bbox 1435 421 1514 482; x_wconf 90' lang='lat' dir='ltr'><strong>T.</strong></span> <span class='ocrx_word' id='word_1_19' title='bbox 1547 421 1878 482; x_wconf 74' lang='lat' dir='ltr'><strong>Labienum</strong></span> <span class='ocrx_word' id='word_1_20' title='bbox 1907 441 2046 479; x_wconf 89' lang='lat' dir='ltr'><strong>cum</strong></span> <span class='ocrx_word' id='word_1_21' title='bbox 2077 440 2122 480; x_wconf 88' lang='lat'><strong>11</strong></span> <span class='ocrx_word' id='word_1_22' title='bbox 2151 422 2483 499; x_wconf 83' lang='lat' dir='ltr'>legionibus</span> 
     </span>
     <span class='ocr_line' id='line_1_4' title="bbox 477 511 2485 590; baseline -0.003 -16"><span class='ocrx_word' id='word_1_23' title='bbox 477 525 537 574; x_wconf 79' lang='lat' dir='ltr'><strong>et</strong></span> <span class='ocrx_word' id='word_1_24' title='bbox 562 513 823 590; x_wconf 85' lang='lat' dir='ltr'><strong>equitatu</strong></span> <span class='ocrx_word' id='word_1_25' title='bbox 846 512 905 570; x_wconf 91' lang='lat' dir='ltr'><strong>in</strong></span> <span class='ocrx_word' id='word_1_26' title='bbox 927 512 1232 589; x_wconf 75' lang='lat' dir='ltr'>Sequanos</span> <span class='ocrx_word' id='word_1_27' title='bbox 1254 513 1546 589; x_wconf 70' lang='lat' dir='ltr'><strong>proficisci</strong></span> <span class='ocrx_word' id='word_1_28' title='bbox 1567 513 1774 589; x_wconf 87' lang='lat' dir='ltr'><strong>jubet:</strong></span> <span class='ocrx_word' id='word_1_29' title='bbox 1805 512 1946 570; x_wconf 90' lang='lat' dir='ltr'><strong>huic</strong></span> <span class='ocrx_word' id='word_1_30' title='bbox 1970 511 2055 568; x_wconf 89' lang='lat' dir='ltr'><strong>M.</strong></span> <span class='ocrx_word' id='word_1_31' title='bbox 2074 511 2485 588; x_wconf 86' lang='lat' dir='ltr'><strong>Sempronium</strong></span> 
     </span>
     <span class='ocr_line' id='line_1_5' title="bbox 478 600 2486 676; baseline -0 -15"><span class='ocrx_word' id='word_1_32' title='bbox 478 602 745 662; x_wconf 83' lang='lat' dir='ltr'>Rutilum</span> <span class='ocrx_word' id='word_1_33' title='bbox 787 602 1085 676; x_wconf 82' lang='lat' dir='ltr'><strong>attribuit:</strong></span> <span class='ocrx_word' id='word_1_34' title='bbox 1114 601 1184 660; x_wconf 88' lang='lat' dir='ltr'><strong>C.</strong></span> <span class='ocrx_word' id='word_1_35' title='bbox 1211 601 1464 660; x_wconf 88' lang='lat' dir='ltr'><strong>Fabium</strong></span> <span class='ocrx_word' id='word_1_36' title='bbox 1493 611 1552 660; x_wconf 89' lang='lat' dir='ltr'><strong>et</strong></span> <span class='ocrx_word' id='word_1_37' title='bbox 1573 601 1646 662; x_wconf 95' lang='lat' dir='ltr'><strong>L.</strong></span> <span class='ocrx_word' id='word_1_38' title='bbox 1674 600 2006 660; x_wconf 87' lang='lat' dir='ltr'><strong>Minucium</strong></span> <span class='ocrx_word' id='word_1_39' title='bbox 2033 601 2322 670; x_wconf 78' lang='lat' dir='ltr'><strong>Basilum,</strong></span> <span class='ocrx_word' id='word_1_40' title='bbox 2347 621 2486 660; x_wconf 83' lang='lat' dir='ltr'><strong>cum</strong></span> 
     </span>
     <span class='ocr_line' id='line_1_6' title="bbox 416 691 2486 769; baseline -0.004 -13"><span class='ocrx_word' id='word_1_41' title='bbox 416 699 455 756; x_wconf 71' lang='grc' dir='ltr'>ὖ</span> <span class='ocrx_word' id='word_1_42' title='bbox 480 709 525 752; x_wconf 86' lang='lat'><strong>11</strong></span> <span class='ocrx_word' id='word_1_43' title='bbox 552 692 877 769; x_wconf 81' lang='lat' dir='ltr'><strong>legionibus</strong></span> <span class='ocrx_word' id='word_1_44' title='bbox 904 693 965 750; x_wconf 88' lang='lat' dir='ltr'><strong>in</strong></span> <span class='ocrx_word' id='word_1_45' title='bbox 996 691 1199 750; x_wconf 80' lang='lat' dir='ltr'><strong>Remis</strong></span> <span class='ocrx_word' id='word_1_46' title='bbox 1228 691 1496 762; x_wconf 87' lang='lat' dir='ltr'><strong>collocat,</strong></span> <span class='ocrx_word' id='word_1_47' title='bbox 1526 711 1600 750; x_wconf 84' lang='lat' dir='ltr'><strong>ne</strong></span> <span class='ocrx_word' id='word_1_48' title='bbox 1629 711 1810 768; x_wconf 87' lang='lat' dir='ltr'><strong>quam</strong></span> <span class='ocrx_word' id='word_1_49' title='bbox 1853 711 1888 748; x_wconf 85' lang='lat' dir='ltr'><strong>a</strong></span> <span class='ocrx_word' id='word_1_50' title='bbox 1930 691 2190 748; x_wconf 81' lang='lat' dir='ltr'><strong>finitimis</strong></span> <span class='ocrx_word' id='word_1_51' title='bbox 2217 691 2486 748; x_wconf 83' lang='lat' dir='ltr'><strong>Bellova-</strong></span> 
     </span>
     <span class='ocr_line' id='line_1_7' title="bbox 478 781 2544 858; baseline -0.005 -12"><span class='ocrx_word' id='word_1_52' title='bbox 478 785 567 846; x_wconf 70' lang='lat' dir='ltr'><strong>cis</strong></span> <span class='ocrx_word' id='word_1_53' title='bbox 594 783 987 842; x_wconf 74' lang='lat' dir='ltr'><strong>calamitatem</strong></span> <span class='ocrx_word' id='word_1_54' title='bbox 1016 783 1329 858; x_wconf 78' lang='lat' dir='ltr'><strong>accipiant.</strong></span> <span class='ocrx_word' id='word_1_55' title='bbox 1415 781 1485 840; x_wconf 91' lang='lat' dir='ltr'><strong>C.</strong></span> <span class='ocrx_word' id='word_1_56' title='bbox 1513 782 1836 840; x_wconf 81' lang='lat' dir='ltr'><strong>Antistium</strong></span> <span class='ocrx_word' id='word_1_57' title='bbox 1867 781 2166 858; x_wconf 79' lang='lat' dir='ltr'><strong>Reginum</strong></span> <span class='ocrx_word' id='word_1_58' title='bbox 2195 782 2258 838; x_wconf 86' lang='lat' dir='ltr'><strong>in</strong></span> <span class='ocrx_word' id='word_1_59' title='bbox 2281 781 2486 838; x_wconf 85' lang='lat' dir='ltr'><strong>Ambi-</strong></span> <span class='ocrx_word' id='word_1_60' title='bbox 2529 797 2544 808; x_wconf 87' lang='lat'><strong>·</strong></span> 
     </span>
     <span class='ocr_line' id='line_1_8' title="bbox 479 869 2488 948; baseline -0.001 -18"><span class='ocrx_word' id='word_1_61' title='bbox 479 882 726 942; x_wconf 69' lang='lat' dir='ltr'><strong>vai-etos,</strong></span> <span class='ocrx_word' id='word_1_62' title='bbox 758 871 835 930; x_wconf 88' lang='lat' dir='ltr'><strong>T.</strong></span> <span class='ocrx_word' id='word_1_63' title='bbox 868 871 1134 930; x_wconf 84' lang='lat' dir='ltr'><strong>Sextium</strong></span> <span class='ocrx_word' id='word_1_64' title='bbox 1182 871 1243 928; x_wconf 89' lang='lat' dir='ltr'><strong>in</strong></span> <span class='ocrx_word' id='word_1_65' title='bbox 1292 871 1609 948; x_wconf 48' lang='lat' dir='ltr'><strong>Biturigae,</strong></span> <span class='ocrx_word' id='word_1_66' title='bbox 1640 871 1709 929; x_wconf 88' lang='lat' dir='ltr'><strong>C.</strong></span> <span class='ocrx_word' id='word_1_67' title='bbox 1742 870 2058 930; x_wconf 88' lang='lat' dir='ltr'><strong>Caninium</strong></span> <span class='ocrx_word' id='word_1_68' title='bbox 2104 869 2383 928; x_wconf 84' lang='lat' dir='ltr'><strong>Rebilum</strong></span> <span class='ocrx_word' id='word_1_69' title='bbox 2426 872 2488 928; x_wconf 87' lang='lat' dir='ltr'><strong>in</strong></span> 
     </span>
     <span class='ocr_line' id='line_1_9' title="bbox 480 958 2487 1038; baseline -0.002 -16"><span class='ocrx_word' id='word_1_70' title='bbox 480 960 743 1022; x_wconf 84' lang='lat' dir='ltr'><strong>Rutenos</strong></span> <span class='ocrx_word' id='word_1_71' title='bbox 770 980 907 1020; x_wconf 87' lang='lat' dir='ltr'><strong>cum</strong></span> <span class='ocrx_word' id='word_1_72' title='bbox 938 960 1187 1038; x_wconf 77' lang='lat' dir='ltr'><strong>singulis</strong></span> <span class='ocrx_word' id='word_1_73' title='bbox 1216 960 1546 1038; x_wconf 80' lang='lat' dir='ltr'><strong>legionibus</strong></span> <span class='ocrx_word' id='word_1_74' title='bbox 1573 961 1764 1018; x_wconf 82' lang='lat' dir='ltr'><strong>mittit.</strong></span> <span class='ocrx_word' id='word_1_75' title='bbox 1849 959 1928 1028; x_wconf 83' lang='lat' dir='ltr'><strong>Q.</strong></span> <span class='ocrx_word' id='word_1_76' title='bbox 1954 958 2225 1019; x_wconf 89' lang='lat' dir='ltr'><strong>Tullium</strong></span> <span class='ocrx_word' id='word_1_77' title='bbox 2254 960 2487 1018; x_wconf 88' lang='lat' dir='ltr'><strong>Cicero-</strong></span> 
     </span>
     <span class='ocr_line' id='line_1_10' title="bbox 478 1049 2490 1127; baseline -0.001 -17"><span class='ocrx_word' id='word_1_78' title='bbox 478 1069 615 1110; x_wconf 86' lang='lat' dir='ltr'><strong>nem</strong></span> <span class='ocrx_word' id='word_1_79' title='bbox 658 1061 715 1110; x_wconf 86' lang='lat' dir='ltr'><strong>et</strong></span> <span class='ocrx_word' id='word_1_80' title='bbox 760 1050 825 1108; x_wconf 89' lang='lat' dir='ltr'><strong>P.</strong></span> <span class='ocrx_word' id='word_1_81' title='bbox 857 1049 1187 1127; x_wconf 85' lang='lat' dir='ltr'><strong>Sulpicium</strong></span> <span class='ocrx_word' id='word_1_82' title='bbox 1235 1049 1526 1108; x_wconf 85' lang='lat' dir='ltr'><strong>Cabilloni</strong></span> <span class='ocrx_word' id='word_1_83' title='bbox 1567 1061 1627 1110; x_wconf 91' lang='lat' dir='ltr'><strong>et</strong></span> <span class='ocrx_word' id='word_1_84' title='bbox 1677 1049 1998 1108; x_wconf 78' lang='lat' dir='ltr'><strong>Matiscone</strong></span> <span class='ocrx_word' id='word_1_85' title='bbox 2037 1050 2098 1106; x_wconf 90' lang='lat' dir='ltr'><strong>in</strong></span> <span class='ocrx_word' id='word_1_86' title='bbox 2143 1049 2374 1111; x_wconf 74' lang='lat' dir='ltr'><strong>Aeduis</strong></span> <span class='ocrx_word' id='word_1_87' title='bbox 2413 1049 2490 1108; x_wconf 87' lang='lat' dir='ltr'><strong>ad</strong></span> 
     </span>
     <span class='ocr_line' id='line_1_11' title="bbox 380 1139 2490 1216; baseline -0.002 -12"><span class='ocrx_word' id='word_1_88' title='bbox 380 1147 457 1212; x_wconf 74' lang='lat'><strong>10</strong></span> <span class='ocrx_word' id='word_1_89' title='bbox 483 1141 743 1211; x_wconf 83' lang='lat' dir='ltr'><strong>Ararim,</strong></span> <span class='ocrx_word' id='word_1_90' title='bbox 795 1141 878 1198; x_wconf 90' lang='lat' dir='ltr'><strong>rei</strong></span> <span class='ocrx_word' id='word_1_91' title='bbox 937 1139 1349 1198; x_wconf 82' lang='lat' dir='ltr'><strong>frumentariae</strong></span> <span class='ocrx_word' id='word_1_92' title='bbox 1407 1159 1609 1211; x_wconf 74' lang='lat' dir='ltr'><strong>cauea,</strong></span> <span class='ocrx_word' id='word_1_93' title='bbox 1668 1141 1937 1198; x_wconf 87' lang='lat' dir='ltr'><strong>collocat.</strong></span> <span class='ocrx_word' id='word_1_94' title='bbox 2023 1139 2155 1216; x_wconf 84' lang='lat' dir='ltr'><strong>Ipse</strong></span> <span class='ocrx_word' id='word_1_95' title='bbox 2211 1139 2490 1200; x_wconf 82' lang='lat' dir='ltr'><strong>Bibracte</strong></span> 
     </span>
     <span class='ocr_line' id='line_1_12' title="bbox 479 1229 2489 1308; baseline 0 -19"><span class='ocrx_word' id='word_1_96' title='bbox 479 1230 739 1290; x_wconf 86' lang='lat' dir='ltr'><strong>hiemare</strong></span> <span class='ocrx_word' id='word_1_97' title='bbox 758 1230 1069 1288; x_wconf 87' lang='lat' dir='ltr'><strong>constituit.</strong></span> <span class='ocrx_word' id='word_1_98' title='bbox 1144 1229 1257 1288; x_wconf 85' lang='lat' dir='ltr'><strong>His</strong></span> <span class='ocrx_word' id='word_1_99' title='bbox 1279 1229 1456 1288; x_wconf 79' lang='lat' dir='ltr'><strong>rebus</strong></span> <span class='ocrx_word' id='word_1_100' title='bbox 1477 1229 1664 1290; x_wconf 74' lang='lat' dir='ltr'><strong>literis</strong></span> <span class='ocrx_word' id='word_1_101' title='bbox 1683 1229 1957 1290; x_wconf 67' lang='lat' dir='ltr'><strong>Caesaris</strong></span> <span class='ocrx_word' id='word_1_102' title='bbox 1977 1231 2224 1308; x_wconf 79' lang='lat' dir='ltr'><strong>cognitis</strong></span> <span class='ocrx_word' id='word_1_103' title='bbox 2241 1229 2489 1301; x_wconf 85' lang='lat' dir='ltr'><strong>Romae,</strong></span> 
     </span>
     <span class='ocr_line' id='line_1_13' title="bbox 482 1318 1522 1396; baseline -0.002 -16"><span class='ocrx_word' id='word_1_104' title='bbox 482 1318 711 1380; x_wconf 85' lang='lat' dir='ltr'><strong>dierum</strong></span> <span class='ocrx_word' id='word_1_105' title='bbox 740 1338 823 1380; x_wconf 83' lang='lat'><strong>11</strong></span> <span class='ocrx_word' id='word_1_106' title='bbox 850 1318 1197 1396; x_wconf 74' lang='lat' dir='ltr'><strong>supplicatio</strong></span> <span class='ocrx_word' id='word_1_107' title='bbox 1226 1318 1522 1378; x_wconf 88' lang='lat' dir='ltr'><strong>indicitur.</strong></span> 
     </span>
    </p>
   </div>
  </div>
 </body>
</html>
