2709 4300
222 312 331 360 Cu.
348 317 425 368 ω,
438 311 533 366 &LI
990 313 1185 362 Lm
1218 313 1552 362 sammua.
2197 304 2318 362 148

220 459 432 526 tuque
458 459 567 519 est,
594 447 657 506 N
658 469 693 506 e
718 468 781 508 se
810 448 1117 509 admodum
1160 451 1353 510 animo
1393 451 1772 520 demitterent,
1802 469 1948 508 neve
1988 459 2210 529 pertur-

221 539 503 596 barentur
540 537 938 596 incommodo:
980 557 1093 619 non
1124 541 1335 598 virtute
1375 559 1566 616 neque
1603 541 1666 598 in
1703 541 1832 598 acie
1857 540 2070 598 vicisse
2100 539 2210 598 Ro-

216 647 445 697 manoe,
472 627 574 686 sed
602 627 845 686 artificio
872 627 1123 702 quodam
1162 635 1221 687 et
1258 630 1504 688 scientia
1543 630 2000 706 oppugnationis,
2041 629 2214 704 eujus

220 719 307 775 rei
334 717 553 774 fixerint
580 717 689 792 ipsi
718 717 1007 792 imperiti:
1048 735 1267 788 errare,
1296 719 1346 775 si
1385 719 1486 794 qui
1514 718 1576 774 in
1603 719 1754 776 bello
1779 737 1980 776 omnes
2005 736 2212 776 secun-

220 806 325 864 dos
366 823 563 865 rerum
604 815 915 882 proventus
952 815 1327 882 exspectent:
1389 808 1500 864 sibi
1547 824 1848 882 nunquam
1902 807 2210 882 placuisse,
2237 811 2278 864 5

220 895 553 956 Avaricum
578 893 827 965 defendi,
848 895 1023 972 cujus
1048 896 1133 954 rei
1160 899 1331 954 testes
1359 897 1512 972 ipsos
1539 896 1778 954 haberet
1800 915 1818 968 3
1863 895 1965 953 sed
1993 895 2213 954 factum

219 983 609 1060 imprudentia
636 983 987 1060 Biturigum,
1016 994 1075 1042 et
1102 985 1283 1042 nimia
1306 985 1683 1061 obsequentia
1723 985 2098 1061 reliquorum,
2130 987 2215 1042 uti

214 1075 335 1132 hoo
354 1072 1199 1150 incommodumacciperetur:
1228 1074 1289 1131 id
1306 1083 1502 1142 tamen
1521 1093 1586 1131 se
1607 1074 1876 1132 celeriter
1903 1074 2216 1149 majoribus

216 1159 539 1232 commodis
563 1170 924 1220 sanaturum.
1006 1161 1165 1220 Nam
1192 1181 1345 1238 quae
1375 1163 1450 1220 ab
1477 1163 1716 1238 reliquis
1741 1162 1936 1220 Gallis
1951 1164 2216 1222 civitates

220 1251 611 1320 dissentirent,
662 1251 771 1308 has
822 1269 931 1322 8118
987 1250 1287 1327 diligentia
1344 1249 1776 1326 adjunctarum,
1821 1261 1992 1326 atque
2033 1271 2214 1311 unum
2245 1257 2320 1314 10

220 1341 535 1400 consilium
562 1335 735 1398 totius
766 1338 999 1398 Galliae
1024 1339 1390 1419 effecturum,
1421 1340 1594 1415 cujus
1621 1341 1906 1398 consensu
1947 1359 2021 1396 ne
2063 1341 2216 1398 orbis

217 1429 463 1504 quidem
488 1437 777 1488 terrarum
798 1429 975 1505 possit
990 1429 1268 1486 obsistere
1292 1448 1307 1486 z
1336 1428 1510 1503 idque
1529 1447 1594 1486 se
1615 1446 1786 1505 prope
1802 1429 1924 1503 jam
1945 1427 2216 1488 eflectum

220 1519 465 1578 habere.
548 1516 777 1578 Interea
804 1533 1059 1594 aequum
1086 1537 1233 1587 esse,
1258 1517 1331 1574 ab
1356 1517 1430 1573 iis
1457 1517 1782 1574 communis
1803 1516 2016 1574 salutis
2037 1535 2219 1574 causa

219 1607 543 1684 impetrari,
574 1617 639 1664 ut
678 1615 873 1666 castra
899 1607 1129 1664 munire
1156 1606 1544 1676 instituerent,
1573 1623 1688 1680 quo
1715 1603 1948 1663 facilius
1975 1607 2217 1682 repenti-

220 1715 333 1756 nos
358 1696 607 1754 hostium
631 1696 885 1771 impetus
909 1695 1197 1754 sustinere
1227 1704 1478 1771 possent.
2249 1701 2322 1754 15

300 1784 503 1844 ·.XXX
546 1785 713 1843 Fuit
724 1785 875 1843 haec
910 1785 1093 1842 oratio
1122 1802 1237 1842 non
1272 1785 1504 1862 ingrata
1531 1783 1740 1854 Gallis,
1770 1785 2040 1855 maxime,
2069 1784 2220 1861 quod

224 1876 353 1952 ipse
380 1875 574 1932 animo
598 1891 722 1932 non
738 1872 1049 1943 defecerat,
1078 1883 1237 1932 tanto
1266 1883 1504 1952 accepto
1531 1873 1908 1944 incommodo,
1935 1893 2128 1950 neque
2155 1893 2220 1932 se

224 1966 289 2022 in
332 1963 630 2022 occultum
679 1963 993 2034 abdiderat,
1022 1972 1081 2020 et
1122 1972 1496 2040 conspectum
1539 1963 1922 2022 multitudinis
1949 1963 2218 2042 fugerat·

226 2055 477 2132 plusque
504 2055 697 2112 animo
724 2053 1023 2129 providere
1066 2062 1125 2120 et
1170 2055 1522 2128 praesentire
1565 2055 2018 2126 existimabatur,
2045 2055 2217 2132 quod,
2289 2103 2295 2108 .

228 2163 297 2203 re
336 2145 581 2220 integra,
609 2143 792 2219 primo
832 2141 1257 2201 incendendum
1298 2142 1644 2215 Avaricum,
1673 2154 1798 2221 post
1837 2145 2218 2204 deserendum
2243 2145 2324 2203 20

228 2236 559 2293 censuerat.
644 2232 845 2309 Itaque
872 2242 939 2289 ut
964 2232 1321 2307 reliquorum
1360 2233 1769 2309 imperatorum
1811 2252 1906 2291 res
1945 2234 2222 2291 adversae

230 2322 634 2381 auctoritatem
663 2322 971 2393 minuunt3
1030 2321 1117 2379 sic
1166 2320 1345 2396 hujus
1393 2338 1467 2378 ex
1511 2323 1800 2379 contrario
1843 2322 2110 2398 dignitas,
2138 2324 2222 2378 in-

230 2410 533 2471 commodo
570 2420 827 2486 accepto,
858 2410 919 2467 in
956 2399 1081 2467 dies'
1120 2411 1480 2485 augebatur:
1523 2410 1696 2466 simul
1741 2409 1805 2465 in
1843 2427 2004 2483 spem
2031 2410 2223 2465 venie-

232 2502 373 2559 bant
414 2500 543 2575 ejus
582 2500 979 2568 affirmatione,
1022 2499 1380 2574 de-“reliquis
1423 2497 1808 2575 adjungendis
1848 2498 2220 2571 civitatibus3

233 2591 601 2667 primumque
642 2608 711 2646 eo
749 2600 1003 2664 tempore
1047 2588 1207 2646 Galli
1248 2598 1442 2647 castra
1483 2588 1716 2647 munire
1751 2588 2140 2659 instituerunt,
2169 2597 2226 2645 et
2249 2592 2328 2647 25

230 2680 325 2737 sic
362 2688 509 2737 sunt·
540 2679 735 2737 auimo
773 2678 1123 2735 consternati
1164 2678 1426 2734 homines
1467 2677 1679 2733 insueti
1727 2676 1958 2745 laboris,
2002 2686 2066 2733 ut
2105 2696 2223 2733 om-

232 2769 355 2839 nia,
396 2786 549 2843 quae
606 2768 1048 2843 imperarentur,
1092 2766 1201 2824 sibi
1244 2764 1514 2840 patienda
1557 2774 1614 2822 et
1653 2763 1996 2841 perferenda
2035 2766 2224 2825 existi-

234 2867 485 2915 marent.
1801 2874 1806 2880 ·

322 2944 543 3005 XXXI.
614 2944 747 3003 Nec
802 2946 1015 3014 minua,
1068 2962 1243 3019 quam
1290 2952 1378 3001 est
1425 2942 1734 3019 pollicitae,
1769 2942 2227 3021 Vercingetorix

234 3036 435 3093 animo
502 3034 799 3093 laborabat
858 3044 925 3091 ut
978 3033 1235 3107 reliquas
1290 3030 1554 3091 civitates
1608 3032 1950 3110 adjungeret
1971 3052 1989 3106 ;
2057 3044 2228 3109 atque
2253 3036 2332 3094 30

234 3142 447 3183 earum
488 3124 777 3199 principes
796 3122 981 3182 'donis
1022 3121 1642 3198 pollicitationibusque
1671 3123 1983 3181 alliciebat.
2071 3121 2230 3179 Huic

236 3213 327 3271 rei
354 3212 597 3269 idoneos·
614 3212 875 3269 homines
914 3210 1221 3287 deligebat,
1252 3228 1518 3286 quorum,
1545 3212 1790 3287 quisque
1835 3220 1936 3268 aut
1977 3211 2230 3268 oratione

236 3302 503 3373 subdola,
550 3312 655 3359 aut
700 3302 957 3359 amicitia
1006 3299 1283 3358 facillime
1330 3300 1462 3375 capi
1511 3310 1718 3377 posset.
1803 3300 1924 3365 Qui
1973 3301 2232 3358 Avarico

236 3400 575 3468 expugnato
600 3389 953 3467 refugerant,
978 3388 1283 3446 amandos
1303 3388 1740 3463 vestiendosque
1761 3398 1950 3445 curat.
2021 3388 2229 3459 Simul,

218 3491 308 3539 -ut
334 3481 653 3537 diminutae
682 3480 881 3555 copiae
912 3478 1458 3553 redintegrarentur,
1489 3478 1734 3552 imperat
1775 3487 2002 3535 certum
2031 3496 2242 3535 nume·
2257 3485 2340 3539 35

242 3588 377 3627 rum
419 3568 668 3625 militum
710 3568 1057 3636 civitatibus,
1088 3584 1281 3641 quem,
1312 3576 1372 3623 et
1407 3583 1584 3640 quam
1613 3574 1744 3623 ante
1771 3566 1968 3623 diem
1952 3584 2012 3622 m
2041 3577 2234 3623 castra

242 3658 457 3716 adduci
484 3658 665 3729 velit3
710 3658 1165 3733 saggitariosque
1204 3674 1422 3724 omnes,
1453 3669 1700 3731 quorum
1727 3663 1854 3713 erat
1881 3672 2234 3731 permagnus

242 3748 305 3807 18
334 3746 535 3806 Gallia
561 3762 861 3815 numerus,
891 3747 1155 3822 conquiri
1182 3757 1241 3804 et
1266 3745 1341 3803 ad
1369 3764 1433 3803 se
1461 3745 1607 3803 mitti
1633 3745 1818 3836 jubet.
1902 3744 2016 3803 His
2057 3746 2233 3805 rebus

242 3835 519 3897 celeriter
570 3834 649 3905 id,
704 3834 857 3912 quod
914 3834 1157 3895 Avarici
1209 3834 1580 3963 deperierat,
1609 3818 1894 3912 expletur.
1993 3833 2230 3895 Interim
