2709 4300
220 301 353 348 ‚cm
376 301 561 356 ητα]
1016 295 1209 350 Lm
1240 301 1578 352 san-ntus.
2203 297 2334 371 105
2413 297 2418 304 ’

234 437 565 498 versantur.
636 437 799 505 Quid
826 450 979 516 ergo·
992 440 1111 498 mei
1138 440 1368 498 consilii
1393 439 1526 498 est?
1595 439 1838 510 Facere,
1867 441 2022 518 quod
2047 445 2228 502 nostri

232 529 507 605 majores,
547 545 919 633 nequaquam
964 529 1089 605 pari
1139 529 1291 587 bello
1334 530 1704 588 Cimbrorum
1755 529 2224 610 Teutonumque,

232 617 541 689 fecerunt3
584 619 685 694 qui
728 619 788 674 in
828 617 1037 695 oppida
1086 620 1388 695 compulsi,
1417 637 1491 677 ac
1531 620 1707 678 simili
1747 620 1940 698 inopia
1977 621 2224 695 subacti,

228 725 435 765 eorum
480 709 835 784 corporibus,
860 707 967 784 qui
1010 717 1197 766 aetate
1240 709 1480 766 inutiles
1505 708 1577 766 ad
1609 709 1830 768 bellum
1857 711 2222 784 videbantur,

230 797 411 854 vitam
434 797 843 866 toleraverunt,
866 813 1057 873 neque
1084 815 1149 854 se
1176 796 1434 854 hostibus
1460 797 1840 857 tradiderunt.
1923 800 2110 877 Cujus
2139 803 2224 862 rei
2247 811 2288 868 5

228 891 281 946 si
308 891 644 966 exemplum
668 906 785 946 non
814 889 1181 959 haberemus,
1208 899 1406 948 tamen
1448 889 1732 950 libertatis
1759 909 1942 950 causa
1981 895 2222 965 institui,

230 990 293 1036 et
336 981 579 1056 posteris
618 979 799 1056 prodi,
842 979 1299 1055 pulcherrimum
1334 978 1682 1055 judicarem.
1767 981 1928 1040 Nam
1955 984 2094 1059 quid
2135 985 2224 1042 illi

229 1069 423 1128 simile
471 1069 623 1128 bello
670 1069 825 1128 fuit?
909 1067 1275 1145 Depopulata
1322 1067 1542 1140 Gallia,
1591 1070 1834 1140 Cimbri,
1891 1089 2222 1150 magnaque

226 1157 394 1218 illata
436 1159 789 1228 calamitate,
819 1158 1033 1216 finibus
1072 1157 1307 1235 quidem
1348 1161 1562 1218 nostris
1606 1160 1916 1236 aliquando
1957 1181 2220 1222 excesse-

228 1257 387 1318 runt,
418 1259 589 1324 atque
618 1249 767 1306 alias
794 1258 983 1306 terras
1008 1249 1336 1324 petierunt3
1373 1248 1530 1324 jura,
1561 1248 1740 1325 leges,
1773 1267 1960 1327 agros,
1991 1252 2220 1312 liberta-
2251 1259 2326 1314 10

224 1347 347 1395 tem
394 1338 557 1395 nobis
600 1338 999 1414 reliquerunt:
1044 1337 1297 1394 Romani
1322 1355 1466 1394 vero
1491 1339 1632 1414 quid
1674 1349 1874 1415 petunt
1915 1341 2092 1412 aliud,
2121 1353 2222 1401 aut

224 1426 368 1502 quid
400 1428 617 1496 volunt,
648 1428 762 1484 nisi
788 1425 1009 1484 invidia
1037 1425 1291 1496 adducti,
1322 1445 1468 1502 quos
1495 1425 1652 1484 fama
1679 1428 1902 1487 nobiles
1943 1441 2220 1506 potentes*-

224 1533 345 1593 que
387 1515 539 1574 bello
581 1525 993 1594 cognoverunt,
1024 1517 1230 1574 horum
1273 1515 1335 1574 in
1377 1515 1536 1592 agris
1567 1517 2012 1595 civitatibusque
2039 1523 2222 1578 consi·

222 1607 385 1676 dere,
416 1607 587 1682 atque
610 1607 702 1664 his
726 1616 1025 1664 aeternam
1066 1605 1376 1682 injungere
1405 1606 1793 1664 servitutem?
1835 1625 2026 1684 neque
2067 1611 2224 1669 enim

224 1713 491 1772 unquam
518 1696 637 1752 alia
662 1695 989 1752 conditione
1017 1694 1173 1752 bella
1192 1704 1522 1772 gesserunt.
1605 1695 1778 1762 Quod
1797 1698 1848 1754 si
1875 1715 1966 1768 ea,
1989 1717 2144 1774 quae
2163 1700 2223 1758 in
2251 1703 2328 1760 15

222 1785 559 1862 longinquis
584 1785 919 1842 nationibus
936 1783 1239 1862 geruntur,
1268 1774 1584 1860 ignoratis3
1627 1785 1894 1862 respicite
1921 1787 2226 1847 finitimam

223 1874 507 1944 Galliam,
536 1893 689 1950 quae
730 1874 791 1930 in
834 1873 1203 1932 Provinciam
1248 1871 1502 1943 redacta,
1526 1875 1662 1950 jure
1703 1884 1762 1934 et
1801 1875 2030 1954 legibus
2071 1897 2222 1936 com-

224 1965 484 2034 mutatiS,
513 1963 819 2022 securibus
844 1963 1125 2040 subjecta,
1156 1972 1436 2040 perpetua
1461 1964 1748 2039 premitur
1773 1967 2072 2026 servitute.

311 2052 647 2114 LXXVIII.
692 2053 1005 2112 Sententiis
1048 2051 1217 2110 dictis
1244 2053 1617 2124 constituunt,
1649 2065 1732 2124 ut,
1759 2056 1862 2131 qui
1891 2055 2222 2118 valetudine

224 2155 332 2203 aut
360 2154 547 2203 aetate
576 2143 813 2201 inutiles
840 2143 955 2201 sint
996 2141 1165 2212 bello,
1194 2142 1402 2221 oppido
1439 2143 1762 2219 excedant3
1809 2157 1982 2223 atque
2029 2150 2224 2208 omnia
2247 2154 2328 2211 20

223 2236 391 2312 prius
418 2235 809 2311 experiantur,
832 2250 1011 2309 quam
1032 2232 1105 2290 ad
1120 2232 1442 2311 Critognati
1469 2236 1811 2293 sententiam
1833 2236 2220 2297 descendant:

224 2324 328 2384 illo
354 2335 549 2383 tamen
578 2324 767 2401 potius
794 2321 1073 2379 utendum
1100 2322 1357 2392 consilio,
1385 2324 1438 2381 si
1465 2341 1560 2383 res
1588 2334 1760 2405 cogat
1787 2336 1960 2401 atque
2001 2328 2224 2387 auxilia

224 2423 543 2484 morentur,
572 2430 751 2489 quam
792 2421 893 2471 aut
932 2410 1233 2470 deditionis
1276 2422 1380 2469 aut
1421 2413 1584 2488 pacis
1625 2412 1990 2471 subeundam
2031 2416 2222 2473 condi.

222 2504 461 2561 tionem.
548 2502 867 2571 Mandubii,
910 2502 1011 2577 qui
1054 2520 1155 2559 eos
1192 2500 1400 2578 oppido
1443 2511 1802 2578 receperant,
1845 2520 1982 2561 cum
2027 2501 2226 2563 liberis

224 2604 403 2669 atque
452 2592 731 2651 uxoribus
770 2592 933 2649 exire
974 2600 1285 2667 coguntur.
1371 2590 1472 2661 Hi,
1521 2609 1704 2665 quum
1755 2590 1828 2648 ad
1877 2595 2224 2655 munitiones
2249 2598 2330 2653 25

228 2682 627 2741 Romanorum
654 2682 1055 2751 accessissent,
1096 2680 1301 2740 flentes
1341 2679 1612 2737 omnibus
1653 2681 1922 2756 precibus
1963 2684 2222 2755 orabant,

226 2780 293 2831 ut
340 2790 424 2842 se,
470 2772 535 2829 in
582 2772 918 2829 servitutem
970 2779 1250 2845 receptos,
1300 2768 1432 2826 cibo
1477 2768 1772 2843 juvarent.
1856 2770 1940 2829 At
1985 2770 2223 2843 Caesar,

222 2860 513 2937 dispositis
538 2862 601 2919 in
630 2860 783 2918 vallo
808 2858 1103 2929 custodiis,
1136 2858 1318 2935 recipi
1348 2856 1704 2934 prohibebat.

308 2949 589 3009 LXXIX.
634 2949 865 3008 Interea
902 2948 1221 3018 Commius,
1250 2957 1309 3007 et
1336 2947 1552 3023 reliqui
1589 2946 1791 3017 duces,
1817 2949 2030 3025 quibus
2069 2968 2222 3007 sum-

225 3060 327 3099 ma
372 3040 599 3117 imperii
642 3040 925 3115 permissa
962 3047 1107 3107 erat,
1138 3056 1277 3095 cum
1318 3037 1590 3095 omnibus
1631 3038 1813 3113 copiis
1855 3038 1928 3096 ad
1960 3040 2225 3097 Alesiam
2251 3044 2328 3101 80

226 3131 597 3207 perveniunt,
624 3140 681 3187 et
708 3128 861 3187 colle
900 3128 1187 3185 exteriore
1226 3136 1528 3203 occupato,
1559 3144 1672 3184 nou
1711 3127 1942 3203 longius
1969 3144 2016 3185 u
2045 3129 2222 3203 paed-

228 3222 341 3278 bus
368 3219 443 3276 ab
471 3219 683 3275 nostris
708 3217 1125 3275 munitionibus
1170 3216 1496 3275 considunt.
1583 3215 1816 3273 Postero
1841 3216 1936 3273 die
1963 3218 2226 3291 equitatu

226 3328 305 3368 ex
348 3309 559 3367 castris
600 3307 827 3375 educto,
856 3322 1087 3363 omnem
1112 3324 1245 3363 eam
1276 3304 1607 3381 planitiem,
1623 3322 1800 3379 quam
1829 3305 1890 3361 in
1919 3305 2222 3381 longitudi-

226 3414 363 3456 nem
408 3415 479 3455 111
522 3398 709 3457 millia
757 3389 1034 3473 passuum
1080 3403 1276 3470 patere
1324 3392 1864 3463 denmnstravimus,
1915 3394 2223 3469 complent,

228 3486 639 3565 pedestresque
688 3484 884 3561 copias
930 3483 1181 3561 paulum
1198 3480 1273 3538 ab
1298 3501 1372 3539 eo
1397 3483 1526 3539 loco
1553 3479 1818 3537 abditas
1801 3498 1862 3537 m
1887 3481 2032 3539 locis
2057 3502 2222 3559 supe-
2249 3486 2328 3541 85

228 3575 479 3633 rioribus
532 3574 911 3632 constituunt.
996 3570 1143 3629 Erat
1188 3590 1275 3628 ex-
1310 3569 1516 3645 oppido
1564 3568 1770 3627 Alesia
1817 3569 2124 3647 despectus
2163 3572 2224 3629 in
2309 3570 2316 3579 '

228 3682 526 3741 campum.
606 3662 1010 3729 Concurritur,
1040 3661 1131 3717 his
1162 3658 1398 3717 auxiliis
1425 3658 1602 3717 visis:
1643 3656 1708 3713 fit
1735 3657 2050 3734 gratulatio
2077 3660 2226 3717 inter

220 3772 349 3823 eos,
380 3762 555 3828 atque
595 3751 856 3809 omnium
900 3750 1081 3807 animi
1126 3749 1199 3807 ad
1244 3748 1523 3807 laetitiam
1567 3746 1916 3804 excitantur.
2001 3746 2222 3824 Itaque,

230 3841 529 3920 productis
556 3840 757 3915 copiis,
780 3848 915 3897 ante
940 3836 1213 3914 oppidum
1232 3836 1556 3906 considunt,
1577 3845 1636 3893 et
1662 3837 1984 3913 proximam
2011 3835 2224 3895 fossam
