<?xml version="1.0" encoding="UTF-8"?>
<!DOCTYPE html PUBLIC "-//W3C//DTD XHTML 1.0 Transitional//EN"
    "http://www.w3.org/TR/xhtml1/DTD/xhtml1-transitional.dtd">
<html xmlns="http://www.w3.org/1999/xhtml" xml:lang="en" lang="en">
 <head>
  <title>
</title>
<meta http-equiv="Content-Type" content="text/html;charset=utf-8" />
  <meta name='ocr-system' content='tesseract 3.04.00' />
  <meta name='ocr-capabilities' content='ocr_page ocr_carea ocr_par ocr_line ocrx_word'/>
</head>
<body>
  <div class='ocr_page' id='page_1' title='image "./cjuliuscaesarsc01spengoog_0114.png"; bbox 0 0 2709 4300; ppageno 0'>
   <div class='ocr_carea' id='block_1_1' title="bbox 372 273 2453 370">
    <p class='ocr_par' dir='ltr' id='par_1_1' title="bbox 372 273 2453 370">
     <span class='ocr_line' id='line_1_1' title="bbox 372 273 2453 370; baseline -0.004 0"><span class='ocrx_word' id='word_1_1' title='bbox 372 309 495 370; x_wconf 78' lang='lat'><strong>104</strong></span> <span class='ocrx_word' id='word_1_2' title='bbox 1074 318 1163 364; x_wconf 74' lang='lat' dir='ltr'><strong>ns</strong></span> <span class='ocrx_word' id='word_1_3' title='bbox 1200 317 1412 364; x_wconf 67' lang='lat' dir='ltr'><strong>nanno</strong></span> <span class='ocrx_word' id='word_1_4' title='bbox 1447 315 1730 364; x_wconf 70' lang='lat' dir='ltr'><strong>GALLioo</strong></span> <span class='ocrx_word' id='word_1_5' title='bbox 1825 273 1848 284; x_wconf 41' lang='lat'><em>³</em></span> <span class='ocrx_word' id='word_1_6' title='bbox 2135 317 2270 370; x_wconf 63' lang='lat' dir='ltr'><strong>[cu.</strong></span> <span class='ocrx_word' id='word_1_7' title='bbox 2291 321 2364 370; x_wconf 71' lang='lat'><strong>45,</strong></span> <span class='ocrx_word' id='word_1_8' title='bbox 2383 321 2453 362; x_wconf 72' lang='lat'><strong>46.</strong></span> 
     </span>
    </p>
   </div>
   <div class='ocr_carea' id='block_1_2' title="bbox 362 448 2526 3923">
    <p class='ocr_par' dir='ltr' id='par_1_2' title="bbox 366 448 2526 2291">
     <span class='ocr_line' id='line_1_2' title="bbox 469 448 2460 532; baseline -0.002 -18"><span class='ocrx_word' id='word_1_9' title='bbox 469 455 733 524; x_wconf 72' lang='lat' dir='ltr'><strong>ultiones,</strong></span> <span class='ocrx_word' id='word_1_10' title='bbox 762 473 995 530; x_wconf 89' lang='lat' dir='ltr'><strong>quaque</strong></span> <span class='ocrx_word' id='word_1_11' title='bbox 1024 473 1159 532; x_wconf 85' lang='lat' dir='ltr'><strong>pars</strong></span> <span class='ocrx_word' id='word_1_12' title='bbox 1200 455 1450 512; x_wconf 85' lang='lat' dir='ltr'><strong>hostium</strong></span> <span class='ocrx_word' id='word_1_13' title='bbox 1491 453 1911 512; x_wconf 80' lang='lat' dir='ltr'><strong>confertissima</strong></span> <span class='ocrx_word' id='word_1_14' title='bbox 1939 453 2064 510; x_wconf 83' lang='lat' dir='ltr'><strong>visa</strong></span> <span class='ocrx_word' id='word_1_15' title='bbox 2103 462 2210 522; x_wconf 83' lang='lat' dir='ltr'><strong>est,</strong></span> <span class='ocrx_word' id='word_1_16' title='bbox 2239 454 2300 510; x_wconf 89' lang='lat' dir='ltr'><strong>in</strong></span> <span class='ocrx_word' id='word_1_17' title='bbox 2325 448 2460 510; x_wconf 80' lang='lat' dir='ltr'><strong>e&#39;arn</strong></span> 
     </span>
     <span class='ocr_line' id='line_1_3' title="bbox 468 542 2460 620; baseline 0 -18"><span class='ocrx_word' id='word_1_18' title='bbox 468 544 757 620; x_wconf 79' lang='lat' dir='ltr'><strong>irrumpit.</strong></span> <span class='ocrx_word' id='word_1_19' title='bbox 842 544 939 600; x_wconf 91' lang='lat' dir='ltr'><strong>Ne</strong></span> <span class='ocrx_word' id='word_1_20' title='bbox 969 545 1241 602; x_wconf 86' lang='lat' dir='ltr'><strong>Varenus</strong></span> <span class='ocrx_word' id='word_1_21' title='bbox 1282 544 1516 620; x_wconf 87' lang='lat' dir='ltr'><strong>quidem</strong></span> <span class='ocrx_word' id='word_1_22' title='bbox 1548 554 1672 601; x_wconf 92' lang='lat' dir='ltr'><strong>tum</strong></span> <span class='ocrx_word' id='word_1_23' title='bbox 1701 543 1856 600; x_wconf 86' lang='lat' dir='ltr'><strong>vallo</strong></span> <span class='ocrx_word' id='word_1_24' title='bbox 1897 561 2026 600; x_wconf 88' lang='lat' dir='ltr'><strong>sese</strong></span> <span class='ocrx_word' id='word_1_25' title='bbox 2055 544 2326 620; x_wconf 81' lang='lat' dir='ltr'><strong>continet,</strong></span> <span class='ocrx_word' id='word_1_26' title='bbox 2355 542 2460 602; x_wconf 76' lang='lat' dir='ltr'><strong>sed</strong></span> 
     </span>
     <span class='ocr_line' id='line_1_4' title="bbox 466 631 2460 708; baseline -0.001 -18"><span class='ocrx_word' id='word_1_27' title='bbox 466 633 729 690; x_wconf 89' lang='lat' dir='ltr'><strong>omnium</strong></span> <span class='ocrx_word' id='word_1_28' title='bbox 756 633 979 690; x_wconf 82' lang='lat' dir='ltr'><strong>veritus</strong></span> <span class='ocrx_word' id='word_1_29' title='bbox 1004 634 1486 690; x_wconf 79' lang='lat' dir='ltr'><strong>existimationem</strong></span> <span class='ocrx_word' id='word_1_30' title='bbox 1513 633 1902 707; x_wconf 78' lang='lat' dir='ltr'>subsequitur.</span> <span class='ocrx_word' id='word_1_31' title='bbox 1965 631 2246 688; x_wconf 77' lang='lat' dir='ltr'><strong>Mediocri</strong></span> <span class='ocrx_word' id='word_1_32' title='bbox 2273 632 2460 708; x_wconf 88' lang='lat' dir='ltr'><strong>spatio</strong></span> 
     </span>
     <span class='ocr_line' id='line_1_5' title="bbox 468 721 2457 798; baseline -0.001 -18"><span class='ocrx_word' id='word_1_33' title='bbox 468 721 689 792; x_wconf 84' lang='lat' dir='ltr'><strong>relicte,</strong></span> <span class='ocrx_word' id='word_1_34' title='bbox 716 721 901 778; x_wconf 87' lang='lat' dir='ltr'><strong>Pulfio</strong></span> <span class='ocrx_word' id='word_1_35' title='bbox 928 721 1109 798; x_wconf 87' lang='lat' dir='ltr'><strong>pilum</strong></span> <span class='ocrx_word' id='word_1_36' title='bbox 1148 724 1208 778; x_wconf 90' lang='lat' dir='ltr'><strong>in</strong></span> <span class='ocrx_word' id='word_1_37' title='bbox 1238 723 1428 779; x_wconf 85' lang='lat' dir='ltr'><strong>hostes</strong></span> <span class='ocrx_word' id='word_1_38' title='bbox 1465 723 1652 791; x_wconf 86' lang='lat' dir='ltr'><strong>mittit,</strong></span> <span class='ocrx_word' id='word_1_39' title='bbox 1683 731 1854 796; x_wconf 85' lang='lat' dir='ltr'><strong>atque</strong></span> <span class='ocrx_word' id='word_1_40' title='bbox 1885 739 2066 778; x_wconf 88' lang='lat' dir='ltr'><strong>unum</strong></span> <span class='ocrx_word' id='word_1_41' title='bbox 2095 741 2170 778; x_wconf 85' lang='lat' dir='ltr'><strong>ex</strong></span> <span class='ocrx_word' id='word_1_42' title='bbox 2197 722 2457 779; x_wconf 85' lang='lat' dir='ltr'><strong>multitu-</strong></span> 
     </span>
     <span class='ocr_line' id='line_1_6' title="bbox 404 807 2458 887; baseline -0 -19"><span class='ocrx_word' id='word_1_43' title='bbox 404 817 445 874; x_wconf 71' lang='grc'><strong>5</strong></span> <span class='ocrx_word' id='word_1_44' title='bbox 468 809 603 868; x_wconf 86' lang='lat' dir='ltr'><strong>dine</strong></span> <span class='ocrx_word' id='word_1_45' title='bbox 643 807 1091 887; x_wconf 80' lang='lat' dir='ltr'><strong>&#39;procurrentem</strong></span> <span class='ocrx_word' id='word_1_46' title='bbox 1139 810 1444 886; x_wconf 78' lang='lat' dir='ltr'><strong>transjicit,</strong></span> <span class='ocrx_word' id='word_1_47' title='bbox 1501 829 1616 885; x_wconf 90' lang='lat' dir='ltr'><strong>quo</strong></span> <span class='ocrx_word' id='word_1_48' title='bbox 1669 828 1944 886; x_wconf 86' lang='lat' dir='ltr'><strong>percusso</strong></span> <span class='ocrx_word' id='word_1_49' title='bbox 1997 819 2056 868; x_wconf 87' lang='lat' dir='ltr'><strong>et</strong></span> <span class='ocrx_word' id='word_1_50' title='bbox 2109 812 2458 878; x_wconf 79' lang='lat' dir='ltr'><strong>exanimato,</strong></span> 
     </span>
     <span class='ocr_line' id='line_1_7' title="bbox 468 899 2458 974; baseline 0 -18"><span class='ocrx_word' id='word_1_51' title='bbox 468 899 628 957; x_wconf 88' lang='lat' dir='ltr'><strong>hunc</strong></span> <span class='ocrx_word' id='word_1_52' title='bbox 648 900 831 956; x_wconf 83' lang='lat' dir='ltr'><strong>scutis</strong></span> <span class='ocrx_word' id='word_1_53' title='bbox 848 908 1153 974; x_wconf 87' lang='lat' dir='ltr'><strong>protegunt</strong></span> <span class='ocrx_word' id='word_1_54' title='bbox 1180 899 1387 968; x_wconf 85' lang='lat' dir='ltr'><strong>hostes,</strong></span> <span class='ocrx_word' id='word_1_55' title='bbox 1407 900 1467 955; x_wconf 89' lang='lat' dir='ltr'><strong>in</strong></span> <span class='ocrx_word' id='word_1_56' title='bbox 1495 900 1662 957; x_wconf 88' lang='lat' dir='ltr'><strong>illum</strong></span> <span class='ocrx_word' id='word_1_57' title='bbox 1691 899 1948 956; x_wconf 85' lang='lat' dir='ltr'><strong>universi</strong></span> <span class='ocrx_word' id='word_1_58' title='bbox 1975 899 2092 956; x_wconf 87' lang='lat' dir='ltr'><strong>tela</strong></span> <span class='ocrx_word' id='word_1_59' title='bbox 2117 899 2458 974; x_wconf 84' lang='lat' dir='ltr'><strong>conjiciunt,</strong></span> 
     </span>
     <span class='ocr_line' id='line_1_8' title="bbox 468 986 2462 1064; baseline 0.001 -20"><span class='ocrx_word' id='word_1_60' title='bbox 468 1005 661 1062; x_wconf 82' lang='lat' dir='ltr'><strong>neque</strong></span> <span class='ocrx_word' id='word_1_61' title='bbox 714 987 853 1046; x_wconf 89' lang='lat' dir='ltr'><strong>dant</strong></span> <span class='ocrx_word' id='word_1_62' title='bbox 900 988 1261 1064; x_wconf 85' lang='lat' dir='ltr'><strong>regrediendi</strong></span> <span class='ocrx_word' id='word_1_63' title='bbox 1318 986 1679 1046; x_wconf 82' lang='lat' dir='ltr'><strong>facultatem.</strong></span> <span class='ocrx_word' id='word_1_64' title='bbox 1787 986 2181 1064; x_wconf 81' lang='lat' dir='ltr'><strong>Transfigitur</strong></span> <span class='ocrx_word' id='word_1_65' title='bbox 2223 997 2462 1046; x_wconf 86' lang='lat' dir='ltr'><strong>scutum</strong></span> 
     </span>
     <span class='ocr_line' id='line_1_9' title="bbox 470 1075 2463 1154; baseline 0 -20"><span class='ocrx_word' id='word_1_66' title='bbox 470 1075 737 1147; x_wconf 86' lang='lat' dir='ltr'><strong>Pulfioni,</strong></span> <span class='ocrx_word' id='word_1_67' title='bbox 780 1087 837 1133; x_wconf 89' lang='lat' dir='ltr'><strong>et</strong></span> <span class='ocrx_word' id='word_1_68' title='bbox 871 1087 1143 1133; x_wconf 86' lang='lat' dir='ltr'><strong>verutum</strong></span> <span class='ocrx_word' id='word_1_69' title='bbox 1186 1077 1245 1132; x_wconf 92' lang='lat' dir='ltr'><strong>in</strong></span> <span class='ocrx_word' id='word_1_70' title='bbox 1275 1076 1464 1134; x_wconf 88' lang='lat' dir='ltr'><strong>balteo</strong></span> <span class='ocrx_word' id='word_1_71' title='bbox 1507 1075 1796 1154; x_wconf 86' lang='lat' dir='ltr'><strong>defigitur.</strong></span> <span class='ocrx_word' id='word_1_72' title='bbox 1857 1077 2116 1134; x_wconf 82' lang='lat' dir='ltr'><strong>.Avertit</strong></span> <span class='ocrx_word' id='word_1_73' title='bbox 2143 1077 2240 1134; x_wconf 91' lang='lat' dir='ltr'><strong>hic</strong></span> <span class='ocrx_word' id='word_1_74' title='bbox 2283 1095 2463 1134; x_wconf 82' lang='lat' dir='ltr'><strong>casus</strong></span> 
     </span>
     <span class='ocr_line' id='line_1_10' title="bbox 470 1165 2460 1242; baseline 0.002 -22"><span class='ocrx_word' id='word_1_75' title='bbox 470 1166 763 1240; x_wconf 87' lang='lat' dir='ltr'><strong>vaginam,</strong></span> <span class='ocrx_word' id='word_1_76' title='bbox 794 1177 851 1222; x_wconf 89' lang='lat' dir='ltr'><strong>et</strong></span> <span class='ocrx_word' id='word_1_77' title='bbox 878 1165 1139 1242; x_wconf 77' lang='lat' dir='ltr'>gladium</span> <span class='ocrx_word' id='word_1_78' title='bbox 1180 1165 1432 1222; x_wconf 86' lang='lat' dir='ltr'><strong>educere</strong></span> <span class='ocrx_word' id='word_1_79' title='bbox 1473 1167 1704 1223; x_wconf 79' lang='lat' dir='ltr'><strong>conanti</strong></span> <span class='ocrx_word' id='word_1_80' title='bbox 1743 1165 2008 1224; x_wconf 83' lang='lat' dir='ltr'><strong>dextram</strong></span> <span class='ocrx_word' id='word_1_81' title='bbox 2049 1176 2308 1224; x_wconf 85' lang='lat' dir='ltr'><strong>moratur</strong></span> <span class='ocrx_word' id='word_1_82' title='bbox 2335 1185 2460 1223; x_wconf 87' lang='lat' dir='ltr'><strong>ma-</strong></span> 
     </span>
     <span class='ocr_line' id='line_1_11' title="bbox 370 1247 2463 1331; baseline 0.001 -21"><span class='ocrx_word' id='word_1_83' title='bbox 370 1263 446 1320; x_wconf 81' lang='lat'><strong>10</strong></span> <span class='ocrx_word' id='word_1_84' title='bbox 470 1271 651 1310; x_wconf 89' lang='lat' dir='ltr'><strong>num:</strong></span> <span class='ocrx_word' id='word_1_85' title='bbox 694 1254 1034 1331; x_wconf 86' lang='lat' dir='ltr'><strong>impeditum</strong></span> <span class='ocrx_word' id='word_1_86' title='bbox 1074 1255 1265 1312; x_wconf 87' lang='lat' dir='ltr'><strong>hostes</strong></span> <span class='ocrx_word' id='word_1_87' title='bbox 1290 1247 1748 1312; x_wconf 64' lang='lat' dir='ltr'><strong>circumsistunt.</strong></span> <span class='ocrx_word' id='word_1_88' title='bbox 1831 1255 2142 1313; x_wconf 86' lang='lat' dir='ltr'><strong>Succurrit</strong></span> <span class='ocrx_word' id='word_1_89' title='bbox 2181 1256 2463 1314; x_wconf 84' lang='lat' dir='ltr'><strong>inimicus</strong></span> 
     </span>
     <span class='ocr_line' id='line_1_12' title="bbox 468 1342 2462 1413; baseline 0.003 -13"><span class='ocrx_word' id='word_1_90' title='bbox 468 1342 557 1400; x_wconf 90' lang='lat' dir='ltr'><strong>illi</strong></span> <span class='ocrx_word' id='word_1_91' title='bbox 585 1343 877 1413; x_wconf 89' lang='lat' dir='ltr'><strong>Varenus,</strong></span> <span class='ocrx_word' id='word_1_92' title='bbox 905 1353 965 1400; x_wconf 46' lang='lat' dir='ltr'><strong>‚et</strong></span> <span class='ocrx_word' id='word_1_93' title='bbox 1008 1344 1289 1400; x_wconf 73' lang='lat' dir='ltr'><strong>laboranti</strong></span> <span class='ocrx_word' id='word_1_94' title='bbox 1332 1344 1620 1401; x_wconf 79' lang='lat' dir='ltr'><strong>subvenit.</strong></span> <span class='ocrx_word' id='word_1_95' title='bbox 1708 1345 1808 1402; x_wconf 86' lang='lat' dir='ltr'><strong>Ad</strong></span> <span class='ocrx_word' id='word_1_96' title='bbox 1847 1345 2005 1402; x_wconf 80' lang='lat' dir='ltr'><strong>hunc</strong></span> <span class='ocrx_word' id='word_1_97' title='bbox 2049 1364 2112 1402; x_wconf 87' lang='lat' dir='ltr'><strong>se</strong></span> <span class='ocrx_word' id='word_1_98' title='bbox 2157 1343 2462 1405; x_wconf 78' lang='lat' dir='ltr'><strong>confestim</strong></span> 
     </span>
     <span class='ocr_line' id='line_1_13' title="bbox 470 1431 2458 1507; baseline 0.001 -17"><span class='ocrx_word' id='word_1_99' title='bbox 470 1450 509 1490; x_wconf 78' lang='lat' dir='ltr'><strong>a</strong></span> <span class='ocrx_word' id='word_1_100' title='bbox 536 1431 796 1490; x_wconf 90' lang='lat' dir='ltr'><strong>Pulfione</strong></span> <span class='ocrx_word' id='word_1_101' title='bbox 824 1434 1009 1490; x_wconf 88' lang='lat' dir='ltr'><strong>omnis</strong></span> <span class='ocrx_word' id='word_1_102' title='bbox 1036 1433 1340 1490; x_wconf 89' lang='lat' dir='ltr'><strong>multitudo</strong></span> <span class='ocrx_word' id='word_1_103' title='bbox 1381 1435 1665 1492; x_wconf 84' lang='lat' dir='ltr'><strong>convertit</strong></span> <span class='ocrx_word' id='word_1_104' title='bbox 1687 1454 1706 1506; x_wconf 84' lang='lat'><em>3</em></span> <span class='ocrx_word' id='word_1_105' title='bbox 1751 1435 1920 1492; x_wconf 89' lang='lat' dir='ltr'><strong>illum</strong></span> <span class='ocrx_word' id='word_1_106' title='bbox 1949 1445 2152 1492; x_wconf 86' lang='lat' dir='ltr'><strong>veruto</strong></span> <span class='ocrx_word' id='word_1_107' title='bbox 2191 1434 2458 1507; x_wconf 67' lang='lat' dir='ltr'><strong>transfix-</strong></span> 
     </span>
     <span class='ocr_line' id='line_1_14' title="bbox 472 1521 2462 1600; baseline 0.002 -23"><span class='ocrx_word' id='word_1_108' title='bbox 472 1538 574 1578; x_wconf 83' lang='lat' dir='ltr'><strong>um</strong></span> <span class='ocrx_word' id='word_1_109' title='bbox 624 1522 993 1579; x_wconf 86' lang='lat' dir='ltr'><strong>arbitrantur.</strong></span> <span class='ocrx_word' id='word_1_110' title='bbox 1100 1521 1392 1580; x_wconf 85' lang='lat' dir='ltr'><strong>Occursat</strong></span> <span class='ocrx_word' id='word_1_111' title='bbox 1437 1524 1602 1580; x_wconf 87' lang='lat' dir='ltr'><strong>ocius</strong></span> <span class='ocrx_word' id='word_1_112' title='bbox 1647 1523 1858 1600; x_wconf 85' lang='lat' dir='ltr'><strong>gladio,</strong></span> <span class='ocrx_word' id='word_1_113' title='bbox 1907 1525 2286 1599; x_wconf 82' lang='lat' dir='ltr'><strong>cominusque</strong></span> <span class='ocrx_word' id='word_1_114' title='bbox 2335 1541 2462 1584; x_wconf 81' lang='lat' dir='ltr'><strong>rem</strong></span> 
     </span>
     <span class='ocr_line' id='line_1_15' title="bbox 468 1610 2460 1690; baseline 0.002 -22"><span class='ocrx_word' id='word_1_115' title='bbox 468 1611 621 1686; x_wconf 78' lang='lat' dir='ltr'><strong>gerit</strong></span> <span class='ocrx_word' id='word_1_116' title='bbox 647 1610 939 1680; x_wconf 85' lang='lat' dir='ltr'><strong>Varenus,</strong></span> <span class='ocrx_word' id='word_1_117' title='bbox 978 1619 1169 1686; x_wconf 87' lang='lat' dir='ltr'><strong>atque,</strong></span> <span class='ocrx_word' id='word_1_118' title='bbox 1216 1631 1331 1668; x_wconf 90' lang='lat' dir='ltr'><strong>uno</strong></span> <span class='ocrx_word' id='word_1_119' title='bbox 1380 1611 1698 1682; x_wconf 83' lang='lat' dir='ltr'><strong>interfecto,</strong></span> <span class='ocrx_word' id='word_1_120' title='bbox 1751 1612 2006 1687; x_wconf 88' lang='lat' dir='ltr'><strong>reliquos</strong></span> <span class='ocrx_word' id='word_1_121' title='bbox 2047 1613 2292 1689; x_wconf 88' lang='lat' dir='ltr'><strong>paulum</strong></span> <span class='ocrx_word' id='word_1_122' title='bbox 2333 1632 2460 1690; x_wconf 86' lang='lat' dir='ltr'><strong>pro·</strong></span> 
     </span>
     <span class='ocr_line' id='line_1_16' title="bbox 372 1698 2461 1776; baseline 0.003 -22"><span class='ocrx_word' id='word_1_123' title='bbox 372 1707 446 1766; x_wconf 71' lang='lat'><strong>15</strong></span> <span class='ocrx_word' id='word_1_124' title='bbox 472 1698 673 1774; x_wconf 83' lang='lat' dir='ltr'><strong>pellit:</strong></span> <span class='ocrx_word' id='word_1_125' title='bbox 736 1698 875 1756; x_wconf 90' lang='lat' dir='ltr'><strong>dum</strong></span> <span class='ocrx_word' id='word_1_126' title='bbox 924 1699 1193 1774; x_wconf 88' lang='lat' dir='ltr'><strong>cupidius</strong></span> <span class='ocrx_word' id='word_1_127' title='bbox 1238 1701 1429 1771; x_wconf 87' lang='lat' dir='ltr'><strong>instat,</strong></span> <span class='ocrx_word' id='word_1_128' title='bbox 1475 1701 1535 1758; x_wconf 88' lang='lat' dir='ltr'><strong>in</strong></span> <span class='ocrx_word' id='word_1_129' title='bbox 1581 1701 1775 1758; x_wconf 89' lang='lat' dir='ltr'><strong>locum</strong></span> <span class='ocrx_word' id='word_1_130' title='bbox 1817 1701 2080 1776; x_wconf 84' lang='lat' dir='ltr'><strong>dejectus</strong></span> <span class='ocrx_word' id='word_1_131' title='bbox 2125 1701 2461 1762; x_wconf 80' lang='lat' dir='ltr'><strong>inferiorem</strong></span> 
     </span>
     <span class='ocr_line' id='line_1_17' title="bbox 469 1786 2459 1862; baseline 0.003 -18"><span class='ocrx_word' id='word_1_132' title='bbox 469 1787 741 1845; x_wconf 81' lang='lat' dir='ltr'><strong>concidit.</strong></span> <span class='ocrx_word' id='word_1_133' title='bbox 826 1786 985 1844; x_wconf 88' lang='lat' dir='ltr'><strong>Huic</strong></span> <span class='ocrx_word' id='word_1_134' title='bbox 1034 1805 1237 1844; x_wconf 85' lang='lat' dir='ltr'><strong>rursus</strong></span> <span class='ocrx_word' id='word_1_135' title='bbox 1284 1790 1684 1846; x_wconf 80' lang='lat' dir='ltr'><strong>circumvento</strong></span> <span class='ocrx_word' id='word_1_136' title='bbox 1731 1789 1842 1847; x_wconf 87' lang='lat' dir='ltr'><strong>fert</strong></span> <span class='ocrx_word' id='word_1_137' title='bbox 1887 1791 2208 1848; x_wconf 77' lang='lat' dir='ltr'><strong>subsidium</strong></span> <span class='ocrx_word' id='word_1_138' title='bbox 2252 1792 2459 1862; x_wconf 79' lang='lat' dir='ltr'><strong>Pulfio,</strong></span> 
     </span>
     <span class='ocr_line' id='line_1_18' title="bbox 472 1876 2460 1953; baseline 0.003 -21"><span class='ocrx_word' id='word_1_139' title='bbox 472 1885 646 1950; x_wconf 88' lang='lat' dir='ltr'><strong>atque</strong></span> <span class='ocrx_word' id='word_1_140' title='bbox 676 1876 841 1933; x_wconf 89' lang='lat' dir='ltr'><strong>ambo</strong></span> <span class='ocrx_word' id='word_1_141' title='bbox 878 1876 1217 1946; x_wconf 86' lang='lat' dir='ltr'><strong>incolumes,</strong></span> <span class='ocrx_word' id='word_1_142' title='bbox 1248 1878 1642 1953; x_wconf 84' lang='lat' dir='ltr'><strong>compluribus</strong></span> <span class='ocrx_word' id='word_1_143' title='bbox 1683 1878 2018 1949; x_wconf 85' lang='lat' dir='ltr'><strong>interfectis,</strong></span> <span class='ocrx_word' id='word_1_144' title='bbox 2049 1899 2280 1938; x_wconf 86' lang='lat' dir='ltr'><strong>summa</strong></span> <span class='ocrx_word' id='word_1_145' title='bbox 2321 1901 2460 1940; x_wconf 85' lang='lat' dir='ltr'><strong>cum</strong></span> 
     </span>
     <span class='ocr_line' id='line_1_19' title="bbox 468 1961 2458 2044; baseline 0.005 -26"><span class='ocrx_word' id='word_1_146' title='bbox 468 1961 645 2022; x_wconf 78' lang='lat' dir='ltr'><strong>laude</strong></span> <span class='ocrx_word' id='word_1_147' title='bbox 688 1983 816 2020; x_wconf 87' lang='lat' dir='ltr'><strong>sese</strong></span> <span class='ocrx_word' id='word_1_148' title='bbox 856 1965 1007 2020; x_wconf 87' lang='lat' dir='ltr'><strong>intra</strong></span> <span class='ocrx_word' id='word_1_149' title='bbox 1052 1966 1398 2024; x_wconf 85' lang='lat' dir='ltr'><strong>munitiones</strong></span> <span class='ocrx_word' id='word_1_150' title='bbox 1443 1967 1748 2044; x_wconf 87' lang='lat' dir='ltr'><strong>recipiunt.</strong></span> <span class='ocrx_word' id='word_1_151' title='bbox 1833 1968 1934 2026; x_wconf 85' lang='lat' dir='ltr'><strong>Sic</strong></span> <span class='ocrx_word' id='word_1_152' title='bbox 1977 1968 2208 2027; x_wconf 84' lang='lat' dir='ltr'><strong>fortuna</strong></span> <span class='ocrx_word' id='word_1_153' title='bbox 2235 1973 2297 2026; x_wconf 90' lang='lat' dir='ltr'><strong>in</strong></span> <span class='ocrx_word' id='word_1_154' title='bbox 2325 1989 2458 2028; x_wconf 88' lang='lat' dir='ltr'><strong>con-</strong></span> 
     </span>
     <span class='ocr_line' id='line_1_20' title="bbox 472 2047 2526 2130; baseline 0.006 -23"><span class='ocrx_word' id='word_1_155' title='bbox 472 2051 721 2108; x_wconf 82' lang='lat' dir='ltr'><strong>tentione</strong></span> <span class='ocrx_word' id='word_1_156' title='bbox 750 2061 809 2108; x_wconf 89' lang='lat' dir='ltr'><strong>et</strong></span> <span class='ocrx_word' id='word_1_157' title='bbox 836 2054 1151 2110; x_wconf 79' lang='lat' dir='ltr'><strong>certamine</strong></span> <span class='ocrx_word' id='word_1_158' title='bbox 1182 2065 1492 2130; x_wconf 87' lang='lat' dir='ltr'><strong>utrumque</strong></span> <span class='ocrx_word' id='word_1_159' title='bbox 1520 2058 1791 2126; x_wconf 77' lang='lat' dir='ltr'><strong>versavit,</strong></span> <span class='ocrx_word' id='word_1_160' title='bbox 1817 2067 1880 2115; x_wconf 90' lang='lat' dir='ltr'><strong>ut</strong></span> <span class='ocrx_word' id='word_1_161' title='bbox 1907 2058 2054 2116; x_wconf 85' lang='lat' dir='ltr'><strong>alter</strong></span> <span class='ocrx_word' id='word_1_162' title='bbox 2081 2058 2250 2116; x_wconf 87' lang='lat' dir='ltr'><strong>alteri</strong></span> <span class='ocrx_word' id='word_1_163' title='bbox 2271 2060 2458 2120; x_wconf 86' lang='lat' dir='ltr'><strong>inimi-</strong></span> <span class='ocrx_word' id='word_1_164' title='bbox 2513 2047 2526 2055; x_wconf 55' lang='grc'><strong>”</strong></span> 
     </span>
     <span class='ocr_line' id='line_1_21' title="bbox 366 2140 2458 2225; baseline 0.005 -29"><span class='ocrx_word' id='word_1_165' title='bbox 366 2152 447 2207; x_wconf 71' lang='lat'><strong>20</strong></span> <span class='ocrx_word' id='word_1_166' title='bbox 474 2159 583 2198; x_wconf 89' lang='lat' dir='ltr'><strong>cus</strong></span> <span class='ocrx_word' id='word_1_167' title='bbox 610 2140 827 2199; x_wconf 88' lang='lat' dir='ltr'><strong>auxilio</strong></span> <span class='ocrx_word' id='word_1_168' title='bbox 852 2141 1139 2217; x_wconf 85' lang='lat' dir='ltr'><strong>salutique</strong></span> <span class='ocrx_word' id='word_1_169' title='bbox 1168 2156 1336 2215; x_wconf 87' lang='lat' dir='ltr'><strong>esset,</strong></span> <span class='ocrx_word' id='word_1_170' title='bbox 1367 2162 1558 2221; x_wconf 87' lang='lat' dir='ltr'><strong>neque</strong></span> <span class='ocrx_word' id='word_1_171' title='bbox 1599 2145 1908 2221; x_wconf 88' lang='lat' dir='ltr'><strong>dijudicari</strong></span> <span class='ocrx_word' id='word_1_172' title='bbox 1951 2158 2154 2225; x_wconf 86' lang='lat' dir='ltr'><strong>posset,</strong></span> <span class='ocrx_word' id='word_1_173' title='bbox 2187 2158 2316 2209; x_wconf 89' lang='lat' dir='ltr'><strong>uter</strong></span> <span class='ocrx_word' id='word_1_174' title='bbox 2345 2152 2458 2209; x_wconf 86' lang='lat' dir='ltr'><strong>utri</strong></span> 
     </span>
     <span class='ocr_line' id='line_1_22' title="bbox 474 2230 1459 2291; baseline 0.006 -6"><span class='ocrx_word' id='word_1_175' title='bbox 474 2230 687 2287; x_wconf 87' lang='lat' dir='ltr'><strong>virtute</strong></span> <span class='ocrx_word' id='word_1_176' title='bbox 702 2230 1115 2289; x_wconf 84' lang='lat' dir='ltr'><strong>anteferendus</strong></span> <span class='ocrx_word' id='word_1_177' title='bbox 1145 2232 1459 2291; x_wconf 87' lang='lat' dir='ltr'><strong>videretur.</strong></span> 
     </span>
    </p>

    <p class='ocr_par' dir='ltr' id='par_1_3' title="bbox 467 2317 2454 2579">
     <span class='ocr_line' id='line_1_23' title="bbox 554 2317 2454 2407; baseline 0.005 -30"><span class='ocrx_word' id='word_1_178' title='bbox 554 2317 743 2377; x_wconf 88' lang='lat' dir='ltr'><strong>XLV.</strong></span> <span class='ocrx_word' id='word_1_179' title='bbox 790 2320 1025 2385; x_wconf 83' lang='lat' dir='ltr'><strong>Quanto</strong></span> <span class='ocrx_word' id='word_1_180' title='bbox 1051 2330 1174 2379; x_wconf 86' lang='lat' dir='ltr'><strong>erat</strong></span> <span class='ocrx_word' id='word_1_181' title='bbox 1215 2323 1275 2379; x_wconf 89' lang='lat' dir='ltr'><strong>in</strong></span> <span class='ocrx_word' id='word_1_182' title='bbox 1318 2322 1442 2381; x_wconf 89' lang='lat' dir='ltr'><strong>dies</strong></span> <span class='ocrx_word' id='word_1_183' title='bbox 1481 2325 1716 2400; x_wconf 82' lang='lat' dir='ltr'><strong>gravior</strong></span> <span class='ocrx_word' id='word_1_184' title='bbox 1745 2335 1916 2402; x_wconf 87' lang='lat' dir='ltr'><strong>atque</strong></span> <span class='ocrx_word' id='word_1_185' title='bbox 1961 2328 2215 2403; x_wconf 73' lang='lat' dir='ltr'><strong>asperior</strong></span> <span class='ocrx_word' id='word_1_186' title='bbox 2235 2346 2454 2407; x_wconf 87' lang='lat' dir='ltr'><strong>oppug-</strong></span> 
     </span>
     <span class='ocr_line' id='line_1_24' title="bbox 467 2408 2454 2489; baseline 0.007 -25"><span class='ocrx_word' id='word_1_187' title='bbox 467 2408 645 2477; x_wconf 83' lang='lat' dir='ltr'><strong>natio,</strong></span> <span class='ocrx_word' id='word_1_188' title='bbox 668 2418 725 2465; x_wconf 90' lang='lat' dir='ltr'><strong>et</strong></span> <span class='ocrx_word' id='word_1_189' title='bbox 752 2410 1003 2467; x_wconf 84' lang='lat' dir='ltr'><strong>maxime</strong></span> <span class='ocrx_word' id='word_1_190' title='bbox 1030 2410 1207 2486; x_wconf 91' lang='lat' dir='ltr'><strong>quod,</strong></span> <span class='ocrx_word' id='word_1_191' title='bbox 1238 2430 1452 2487; x_wconf 85' lang='lat' dir='ltr'><strong>magna</strong></span> <span class='ocrx_word' id='word_1_192' title='bbox 1479 2423 1640 2489; x_wconf 87' lang='lat' dir='ltr'><strong>parte</strong></span> <span class='ocrx_word' id='word_1_193' title='bbox 1671 2414 1916 2471; x_wconf 87' lang='lat' dir='ltr'><strong>militum</strong></span> <span class='ocrx_word' id='word_1_194' title='bbox 1959 2416 2226 2475; x_wconf 84' lang='lat' dir='ltr'><strong>confecta</strong></span> <span class='ocrx_word' id='word_1_195' title='bbox 2254 2418 2454 2477; x_wconf 81' lang='lat' dir='ltr'><strong>vulne-</strong></span> 
     </span>
     <span class='ocr_line' id='line_1_25' title="bbox 471 2498 2454 2579; baseline 0.007 -26"><span class='ocrx_word' id='word_1_196' title='bbox 471 2498 649 2567; x_wconf 88' lang='lat' dir='ltr'><strong>ribus,</strong></span> <span class='ocrx_word' id='word_1_197' title='bbox 681 2516 773 2555; x_wconf 88' lang='lat' dir='ltr'><strong>res</strong></span> <span class='ocrx_word' id='word_1_198' title='bbox 800 2498 873 2555; x_wconf 89' lang='lat' dir='ltr'><strong>ad</strong></span> <span class='ocrx_word' id='word_1_199' title='bbox 894 2500 1242 2575; x_wconf 81' lang='lat' dir='ltr'><strong>paucitatem</strong></span> <span class='ocrx_word' id='word_1_200' title='bbox 1270 2499 1638 2559; x_wconf 81' lang='lat' dir='ltr'><strong>defensorum</strong></span> <span class='ocrx_word' id='word_1_201' title='bbox 1667 2516 2028 2579; x_wconf 85' lang='lat' dir='ltr'><strong>pervenerat,</strong></span> <span class='ocrx_word' id='word_1_202' title='bbox 2051 2515 2210 2563; x_wconf 77' lang='lat' dir='ltr'><strong>tanto</strong></span> <span class='ocrx_word' id='word_1_203' title='bbox 2237 2507 2454 2565; x_wconf 85' lang='lat' dir='ltr'><strong>crebri·</strong></span> 
     </span>
    </p>

    <p class='ocr_par' dir='ltr' id='par_1_4' title="bbox 366 2585 2455 3030">
     <span class='ocr_line' id='line_1_26' title="bbox 366 2585 2455 2671; baseline 0.006 -30"><span class='ocrx_word' id='word_1_204' title='bbox 366 2596 445 2652; x_wconf 71' lang='lat'><strong>25</strong></span> <span class='ocrx_word' id='word_1_205' title='bbox 470 2602 605 2643; x_wconf 87' lang='lat' dir='ltr'><strong>ores</strong></span> <span class='ocrx_word' id='word_1_206' title='bbox 657 2585 857 2643; x_wconf 87' lang='lat' dir='ltr'><strong>literae</strong></span> <span class='ocrx_word' id='word_1_207' title='bbox 911 2589 1227 2663; x_wconf 86' lang='lat' dir='ltr'><strong>nunciique</strong></span> <span class='ocrx_word' id='word_1_208' title='bbox 1284 2589 1357 2649; x_wconf 87' lang='lat' dir='ltr'><strong>ad</strong></span> <span class='ocrx_word' id='word_1_209' title='bbox 1394 2590 1713 2649; x_wconf 76' lang='lat' dir='ltr'><strong>Caesarem</strong></span> <span class='ocrx_word' id='word_1_210' title='bbox 1758 2594 2128 2653; x_wconf 70' lang='lat' dir='ltr'><strong>mittebantur</strong></span> <span class='ocrx_word' id='word_1_211' title='bbox 2150 2616 2164 2652; x_wconf 72' lang='grc' dir='ltr'><strong><em>ε</em></strong></span> <span class='ocrx_word' id='word_1_212' title='bbox 2186 2614 2455 2671; x_wconf 70' lang='lat' dir='ltr'><strong>quorum</strong></span> 
     </span>
     <span class='ocr_line' id='line_1_27' title="bbox 470 2674 2454 2755; baseline 0.007 -25"><span class='ocrx_word' id='word_1_213' title='bbox 470 2693 605 2751; x_wconf 86' lang='lat' dir='ltr'><strong>pars</strong></span> <span class='ocrx_word' id='word_1_214' title='bbox 632 2674 985 2751; x_wconf 82' lang='lat' dir='ltr'><strong>deprehensa</strong></span> <span class='ocrx_word' id='word_1_215' title='bbox 1014 2678 1073 2736; x_wconf 89' lang='lat' dir='ltr'><strong>in</strong></span> <span class='ocrx_word' id='word_1_216' title='bbox 1100 2689 1416 2755; x_wconf 84' lang='lat' dir='ltr'><strong>conspectu</strong></span> <span class='ocrx_word' id='word_1_217' title='bbox 1457 2690 1780 2739; x_wconf 88' lang='lat' dir='ltr'><strong>nostrorum</strong></span> <span class='ocrx_word' id='word_1_218' title='bbox 1823 2684 2070 2741; x_wconf 88' lang='lat' dir='ltr'><strong>militum</strong></span> <span class='ocrx_word' id='word_1_219' title='bbox 2099 2702 2238 2742; x_wconf 88' lang='lat' dir='ltr'><strong>cum</strong></span> <span class='ocrx_word' id='word_1_220' title='bbox 2265 2687 2454 2743; x_wconf 83' lang='lat' dir='ltr'><strong>cruci·</strong></span> 
     </span>
     <span class='ocr_line' id='line_1_28' title="bbox 470 2764 2454 2845; baseline 0.007 -25"><span class='ocrx_word' id='word_1_221' title='bbox 470 2773 571 2821; x_wconf 88' lang='lat' dir='ltr'><strong>atu</strong></span> <span class='ocrx_word' id='word_1_222' title='bbox 614 2764 950 2823; x_wconf 77' lang='lat' dir='ltr'><strong>necabatur.</strong></span> <span class='ocrx_word' id='word_1_223' title='bbox 1036 2766 1181 2825; x_wconf 85' lang='lat' dir='ltr'><strong>Erat</strong></span> <span class='ocrx_word' id='word_1_224' title='bbox 1219 2787 1371 2826; x_wconf 88' lang='lat' dir='ltr'><strong>unus</strong></span> <span class='ocrx_word' id='word_1_225' title='bbox 1413 2770 1570 2827; x_wconf 90' lang='lat' dir='ltr'><strong>intus</strong></span> <span class='ocrx_word' id='word_1_226' title='bbox 1615 2768 1892 2842; x_wconf 85' lang='lat' dir='ltr'><strong>Nervius,</strong></span> <span class='ocrx_word' id='word_1_227' title='bbox 1923 2774 2152 2831; x_wconf 89' lang='lat' dir='ltr'><strong>nomine</strong></span> <span class='ocrx_word' id='word_1_228' title='bbox 2195 2774 2454 2845; x_wconf 88' lang='lat' dir='ltr'><strong>Vertico,</strong></span> 
     </span>
     <span class='ocr_line' id='line_1_29' title="bbox 468 2852 2453 2941; baseline 0.006 -32"><span class='ocrx_word' id='word_1_229' title='bbox 468 2852 597 2911; x_wconf 90' lang='lat' dir='ltr'><strong>loco</strong></span> <span class='ocrx_word' id='word_1_230' title='bbox 624 2862 795 2911; x_wconf 84' lang='lat' dir='ltr'><strong>natus</strong></span> <span class='ocrx_word' id='word_1_231' title='bbox 822 2854 1073 2925; x_wconf 82' lang='lat' dir='ltr'><strong>honeste,</strong></span> <span class='ocrx_word' id='word_1_232' title='bbox 1102 2857 1203 2931; x_wconf 87' lang='lat' dir='ltr'><strong>qui</strong></span> <span class='ocrx_word' id='word_1_233' title='bbox 1232 2876 1267 2914; x_wconf 87' lang='lat' dir='ltr'><strong>a</strong></span> <span class='ocrx_word' id='word_1_234' title='bbox 1296 2859 1482 2934; x_wconf 86' lang='lat' dir='ltr'><strong>prima</strong></span> <span class='ocrx_word' id='word_1_235' title='bbox 1523 2859 1814 2919; x_wconf 86' lang='lat' dir='ltr'><strong>obsidione</strong></span> <span class='ocrx_word' id='word_1_236' title='bbox 1857 2862 1929 2919; x_wconf 84' lang='lat' dir='ltr'><strong>ad</strong></span> <span class='ocrx_word' id='word_1_237' title='bbox 1957 2862 2298 2924; x_wconf 83' lang='lat' dir='ltr'><strong>Ciceronem</strong></span> <span class='ocrx_word' id='word_1_238' title='bbox 2329 2883 2453 2941; x_wconf 90' lang='lat' dir='ltr'><strong>per-</strong></span> 
     </span>
     <span class='ocr_line' id='line_1_30' title="bbox 470 2940 2454 3030; baseline 0.007 -32"><span class='ocrx_word' id='word_1_239' title='bbox 470 2940 716 3017; x_wconf 77' lang='lat' dir='ltr'><strong>fugerat,</strong></span> <span class='ocrx_word' id='word_1_240' title='bbox 746 2962 1029 3019; x_wconf 85' lang='lat' dir='ltr'><strong>suamque</strong></span> <span class='ocrx_word' id='word_1_241' title='bbox 1058 2946 1114 3001; x_wconf 89' lang='lat' dir='ltr'><strong>ei</strong></span> <span class='ocrx_word' id='word_1_242' title='bbox 1151 2945 1325 3003; x_wconf 90' lang='lat' dir='ltr'><strong>fidem</strong></span> <span class='ocrx_word' id='word_1_243' title='bbox 1352 2948 1732 3024; x_wconf 85' lang='lat' dir='ltr'><strong>praestiterat.</strong></span> <span class='ocrx_word' id='word_1_244' title='bbox 1816 2950 1933 3007; x_wconf 92' lang='lat' dir='ltr'><strong>Hic</strong></span> <span class='ocrx_word' id='word_1_245' title='bbox 1961 2969 2130 3009; x_wconf 85' lang='lat' dir='ltr'><strong>servo</strong></span> <span class='ocrx_word' id='word_1_246' title='bbox 2155 2972 2256 3030; x_wconf 89' lang='lat' dir='ltr'><strong>spe</strong></span> <span class='ocrx_word' id='word_1_247' title='bbox 2284 2954 2454 3012; x_wconf 87' lang='lat' dir='ltr'><strong>liber-</strong></span> 
     </span>
    </p>

    <p class='ocr_par' dir='ltr' id='par_1_5' title="bbox 362 3031 2456 3383">
     <span class='ocr_line' id='line_1_31' title="bbox 362 3031 2456 3112; baseline 0.007 -26"><span class='ocrx_word' id='word_1_248' title='bbox 362 3040 445 3097; x_wconf 67' lang='lat' dir='ltr'><strong>ao</strong></span> <span class='ocrx_word' id='word_1_249' title='bbox 468 3031 603 3087; x_wconf 89' lang='lat' dir='ltr'><strong>tatis</strong></span> <span class='ocrx_word' id='word_1_250' title='bbox 646 3032 987 3108; x_wconf 85' lang='lat' dir='ltr'><strong>magnisque</strong></span> <span class='ocrx_word' id='word_1_251' title='bbox 1024 3035 1330 3109; x_wconf 87' lang='lat' dir='ltr'><strong>persuadet</strong></span> <span class='ocrx_word' id='word_1_252' title='bbox 1375 3038 1665 3112; x_wconf 87' lang='lat' dir='ltr'><strong>praemiis,</strong></span> <span class='ocrx_word' id='word_1_253' title='bbox 1699 3048 1762 3095; x_wconf 89' lang='lat' dir='ltr'><strong>ut</strong></span> <span class='ocrx_word' id='word_1_254' title='bbox 1801 3039 1998 3097; x_wconf 86' lang='lat' dir='ltr'><strong>literas</strong></span> <span class='ocrx_word' id='word_1_255' title='bbox 2041 3042 2113 3097; x_wconf 82' lang='lat' dir='ltr'><strong>ad</strong></span> <span class='ocrx_word' id='word_1_256' title='bbox 2141 3042 2456 3101; x_wconf 85' lang='lat' dir='ltr'><strong>Caesarem</strong></span> 
     </span>
     <span class='ocr_line' id='line_1_32' title="bbox 470 3116 2456 3202; baseline 0.008 -27"><span class='ocrx_word' id='word_1_257' title='bbox 470 3116 708 3177; x_wconf 86' lang='lat' dir='ltr'><strong>deferat.</strong></span> <span class='ocrx_word' id='word_1_258' title='bbox 790 3119 919 3177; x_wconf 90' lang='lat' dir='ltr'><strong>Has</strong></span> <span class='ocrx_word' id='word_1_259' title='bbox 964 3120 1065 3178; x_wconf 89' lang='lat' dir='ltr'><strong>ille</strong></span> <span class='ocrx_word' id='word_1_260' title='bbox 1106 3122 1167 3178; x_wconf 88' lang='lat' dir='ltr'><strong>in</strong></span> <span class='ocrx_word' id='word_1_261' title='bbox 1209 3122 1410 3199; x_wconf 90' lang='lat' dir='ltr'><strong>jaculo</strong></span> <span class='ocrx_word' id='word_1_262' title='bbox 1449 3126 1704 3202; x_wconf 81' lang='lat' dir='ltr'><strong>illigatas</strong></span> <span class='ocrx_word' id='word_1_263' title='bbox 1744 3128 1926 3199; x_wconf 85' lang='lat' dir='ltr'><strong>effert,</strong></span> <span class='ocrx_word' id='word_1_264' title='bbox 1957 3140 2014 3187; x_wconf 92' lang='lat' dir='ltr'><strong>et</strong></span> <span class='ocrx_word' id='word_1_265' title='bbox 2055 3130 2266 3189; x_wconf 85' lang='lat' dir='ltr'><strong>Gallus</strong></span> <span class='ocrx_word' id='word_1_266' title='bbox 2307 3133 2456 3190; x_wconf 90' lang='lat' dir='ltr'><strong>inter</strong></span> 
     </span>
     <span class='ocr_line' id='line_1_33' title="bbox 472 3206 2453 3297; baseline 0.008 -32"><span class='ocrx_word' id='word_1_267' title='bbox 472 3206 675 3265; x_wconf 82' lang='lat' dir='ltr'><strong>Gallos</strong></span> <span class='ocrx_word' id='word_1_268' title='bbox 716 3209 839 3265; x_wconf 85' lang='lat' dir='ltr'><strong>sine</strong></span> <span class='ocrx_word' id='word_1_269' title='bbox 880 3210 1005 3268; x_wconf 89' lang='lat' dir='ltr'><strong>ulla</strong></span> <span class='ocrx_word' id='word_1_270' title='bbox 1047 3213 1378 3287; x_wconf 85' lang='lat' dir='ltr'><strong>suspicione</strong></span> <span class='ocrx_word' id='word_1_271' title='bbox 1406 3226 1690 3285; x_wconf 86' lang='lat' dir='ltr'><strong>versatus,</strong></span> <span class='ocrx_word' id='word_1_272' title='bbox 1734 3218 1806 3274; x_wconf 90' lang='lat' dir='ltr'><strong>ad</strong></span> <span class='ocrx_word' id='word_1_273' title='bbox 1833 3218 2144 3277; x_wconf 88' lang='lat' dir='ltr'><strong>Caesarem</strong></span> <span class='ocrx_word' id='word_1_274' title='bbox 2174 3223 2453 3297; x_wconf 86' lang='lat' dir='ltr'><strong>pervenit.</strong></span> 
     </span>
     <span class='ocr_line' id='line_1_34' title="bbox 472 3296 2296 3383; baseline 0.008 -32"><span class='ocrx_word' id='word_1_275' title='bbox 472 3296 571 3352; x_wconf 87' lang='lat' dir='ltr'><strong>Ab</strong></span> <span class='ocrx_word' id='word_1_276' title='bbox 598 3316 667 3353; x_wconf 90' lang='lat' dir='ltr'><strong>eo</strong></span> <span class='ocrx_word' id='word_1_277' title='bbox 694 3296 765 3355; x_wconf 86' lang='lat' dir='ltr'><strong>de</strong></span> <span class='ocrx_word' id='word_1_278' title='bbox 792 3300 1067 3373; x_wconf 89' lang='lat' dir='ltr'><strong>periculis</strong></span> <span class='ocrx_word' id='word_1_279' title='bbox 1094 3298 1394 3359; x_wconf 86' lang='lat' dir='ltr'><strong>Ciceronis</strong></span> <span class='ocrx_word' id='word_1_280' title='bbox 1415 3302 1772 3381; x_wconf 86' lang='lat' dir='ltr'><strong>legionisque</strong></span> <span class='ocrx_word' id='word_1_281' title='bbox 1799 3309 2186 3383; x_wconf 82' lang='lat' dir='ltr'><strong>cognoscitur.</strong></span> <span class='ocrx_word' id='word_1_282' title='bbox 2285 3362 2296 3373; x_wconf 89' lang='grc'><em>,</em></span> 
     </span>
    </p>

    <p class='ocr_par' dir='ltr' id='par_1_6' title="bbox 553 3384 2458 3467">
     <span class='ocr_line' id='line_1_35' title="bbox 553 3384 2458 3467; baseline 0.009 -24"><span class='ocrx_word' id='word_1_283' title='bbox 553 3384 770 3444; x_wconf 87' lang='lat' dir='ltr'><strong>XLVI.</strong></span> <span class='ocrx_word' id='word_1_284' title='bbox 834 3388 1071 3459; x_wconf 87' lang='lat' dir='ltr'><strong>Caesar,</strong></span> <span class='ocrx_word' id='word_1_285' title='bbox 1130 3392 1386 3467; x_wconf 87' lang='lat' dir='ltr'><strong>acceptis</strong></span> <span class='ocrx_word' id='word_1_286' title='bbox 1439 3392 1622 3450; x_wconf 86' lang='lat' dir='ltr'><strong>literis</strong></span> <span class='ocrx_word' id='word_1_287' title='bbox 1670 3396 1812 3453; x_wconf 88' lang='lat' dir='ltr'><strong>hora</strong></span> <span class='ocrx_word' id='word_1_288' title='bbox 1867 3398 2112 3455; x_wconf 86' lang='lat' dir='ltr'><strong>circiter·</strong></span> <span class='ocrx_word' id='word_1_289' title='bbox 2148 3398 2458 3460; x_wconf 79' lang='lat' dir='ltr'><strong>undecima</strong></span> 
     </span>
    </p>

    <p class='ocr_par' dir='ltr' id='par_1_7' title="bbox 364 3474 2462 3923">
     <span class='ocr_line' id='line_1_36' title="bbox 364 3474 2455 3565; baseline 0.009 -35"><span class='ocrx_word' id='word_1_290' title='bbox 364 3483 443 3542; x_wconf 71' lang='lat'><strong>85</strong></span> <span class='ocrx_word' id='word_1_291' title='bbox 468 3474 603 3545; x_wconf 90' lang='lat' dir='ltr'><strong>diei,</strong></span> <span class='ocrx_word' id='word_1_292' title='bbox 634 3477 826 3535; x_wconf 86' lang='lat' dir='ltr'><strong>statim</strong></span> <span class='ocrx_word' id='word_1_293' title='bbox 854 3480 1137 3537; x_wconf 88' lang='lat' dir='ltr'><strong>nuncium</strong></span> <span class='ocrx_word' id='word_1_294' title='bbox 1178 3482 1239 3536; x_wconf 90' lang='lat' dir='ltr'><strong>in</strong></span> <span class='ocrx_word' id='word_1_295' title='bbox 1268 3480 1613 3540; x_wconf 88' lang='lat' dir='ltr'><strong>Bellovacos</strong></span> <span class='ocrx_word' id='word_1_296' title='bbox 1653 3485 1726 3542; x_wconf 89' lang='lat' dir='ltr'><strong>ad</strong></span> <span class='ocrx_word' id='word_1_297' title='bbox 1757 3485 1838 3543; x_wconf 89' lang='lat' dir='ltr'><strong>M.</strong></span> <span class='ocrx_word' id='word_1_298' title='bbox 1871 3486 2148 3545; x_wconf 86' lang='lat' dir='ltr'><strong>Crassum</strong></span> <span class='ocrx_word' id='word_1_299' title='bbox 2190 3500 2455 3565; x_wconf 87' lang='lat' dir='ltr'><strong>quaesto-</strong></span> 
     </span>
     <span class='ocr_line' id='line_1_37' title="bbox 468 3566 2452 3653; baseline 0.009 -33"><span class='ocrx_word' id='word_1_300' title='bbox 468 3582 593 3622; x_wconf 87' lang='lat' dir='ltr'><strong>rem</strong></span> <span class='ocrx_word' id='word_1_301' title='bbox 620 3566 809 3634; x_wconf 80' lang='lat' dir='ltr'><strong>mittit,</strong></span> <span class='ocrx_word' id='word_1_302' title='bbox 838 3568 1011 3642; x_wconf 88' lang='lat' dir='ltr'><strong>cujus</strong></span> <span class='ocrx_word' id='word_1_303' title='bbox 1037 3568 1279 3625; x_wconf 87' lang='lat' dir='ltr'><strong>hiberna</strong></span> <span class='ocrx_word' id='word_1_304' title='bbox 1322 3570 1562 3628; x_wconf 85' lang='lat' dir='ltr'><strong>aberant</strong></span> <span class='ocrx_word' id='word_1_305' title='bbox 1591 3573 1663 3629; x_wconf 90' lang='lat' dir='ltr'><strong>ab</strong></span> <span class='ocrx_word' id='word_1_306' title='bbox 1691 3594 1760 3631; x_wconf 89' lang='lat' dir='ltr'><strong>eo</strong></span> <span class='ocrx_word' id='word_1_307' title='bbox 1787 3576 1971 3633; x_wconf 88' lang='lat' dir='ltr'><strong>millia</strong></span> <span class='ocrx_word' id='word_1_308' title='bbox 1999 3596 2276 3653; x_wconf 75' lang='lat' dir='ltr'><strong>passuum</strong></span> <span class='ocrx_word' id='word_1_309' title='bbox 2304 3596 2452 3637; x_wconf 77' lang='lat' dir='ltr'><strong>xxv.</strong></span> 
     </span>
     <span class='ocr_line' id='line_1_38' title="bbox 466 3652 2458 3742; baseline 0.009 -32"><span class='ocrx_word' id='word_1_310' title='bbox 466 3652 502 3710; x_wconf 88' lang='lat' dir='ltr'>J</span> <span class='ocrx_word' id='word_1_311' title='bbox 508 3654 642 3712; x_wconf 88' lang='lat' dir='ltr'><strong>ubet</strong></span> <span class='ocrx_word' id='word_1_312' title='bbox 678 3653 871 3713; x_wconf 87' lang='lat' dir='ltr'><strong>media</strong></span> <span class='ocrx_word' id='word_1_313' title='bbox 920 3666 1087 3714; x_wconf 89' lang='lat' dir='ltr'><strong>nocte</strong></span> <span class='ocrx_word' id='word_1_314' title='bbox 1142 3658 1429 3734; x_wconf 79' lang='lat' dir='ltr'><strong>legionem</strong></span> <span class='ocrx_word' id='word_1_315' title='bbox 1486 3662 1791 3735; x_wconf 88' lang='lat' dir='ltr'><strong>proficisci,</strong></span> <span class='ocrx_word' id='word_1_316' title='bbox 1837 3666 2222 3742; x_wconf 85' lang='lat' dir='ltr'><strong>celeriterque</strong></span> <span class='ocrx_word' id='word_1_317' title='bbox 2277 3668 2350 3725; x_wconf 88' lang='lat' dir='ltr'><strong>ad</strong></span> <span class='ocrx_word' id='word_1_318' title='bbox 2392 3689 2458 3727; x_wconf 89' lang='lat' dir='ltr'><strong>se</strong></span> 
     </span>
     <span class='ocr_line' id='line_1_39' title="bbox 467 3742 2460 3817; baseline 0.011 -21"><span class='ocrx_word' id='word_1_319' title='bbox 467 3743 687 3797; x_wconf 84' lang='lat' dir='ltr'><strong>venire.</strong></span> <span class='ocrx_word' id='word_1_320' title='bbox 771 3742 933 3799; x_wconf 84' lang='lat' dir='ltr'><strong>Exiit</strong></span> <span class='ocrx_word' id='word_1_321' title='bbox 960 3762 1096 3801; x_wconf 90' lang='lat' dir='ltr'><strong>cum</strong></span> <span class='ocrx_word' id='word_1_322' title='bbox 1124 3748 1339 3804; x_wconf 89' lang='lat' dir='ltr'><strong>nuncio</strong></span> <span class='ocrx_word' id='word_1_323' title='bbox 1367 3747 1634 3807; x_wconf 88' lang='lat' dir='ltr'><strong>Crassus.</strong></span> <span class='ocrx_word' id='word_1_324' title='bbox 1718 3752 1986 3810; x_wconf 89' lang='lat' dir='ltr'><strong>Alterum</strong></span> <span class='ocrx_word' id='word_1_325' title='bbox 2017 3755 2086 3812; x_wconf 87' lang='lat' dir='ltr'><strong>ad</strong></span> <span class='ocrx_word' id='word_1_326' title='bbox 2110 3756 2178 3813; x_wconf 79' lang='lat' dir='ltr'><strong>C.</strong></span> <span class='ocrx_word' id='word_1_327' title='bbox 2205 3756 2460 3817; x_wconf 85' lang='lat' dir='ltr'><strong>Fabium</strong></span> 
     </span>
     <span class='ocr_line' id='line_1_40' title="bbox 462 3826 2462 3923; baseline 0.012 -40"><span class='ocrx_word' id='word_1_328' title='bbox 462 3826 729 3901; x_wconf 72' lang='lat' dir='ltr'><strong>legatum</strong></span> <span class='ocrx_word' id='word_1_329' title='bbox 756 3830 943 3901; x_wconf 79' lang='lat' dir='ltr'><strong>mittit,</strong></span> <span class='ocrx_word' id='word_1_330' title='bbox 973 3840 1037 3889; x_wconf 85' lang='lat' dir='ltr'><strong>ut</strong></span> <span class='ocrx_word' id='word_1_331' title='bbox 1064 3833 1124 3889; x_wconf 88' lang='lat' dir='ltr'><strong>in</strong></span> <span class='ocrx_word' id='word_1_332' title='bbox 1154 3834 1524 3893; x_wconf 82' lang='lat' dir='ltr'><strong>Atrebatium</strong></span> <span class='ocrx_word' id='word_1_333' title='bbox 1555 3838 1702 3896; x_wconf 83' lang='lat' dir='ltr'><strong>fines</strong></span> <span class='ocrx_word' id='word_1_334' title='bbox 1728 3840 2012 3919; x_wconf 83' lang='lat' dir='ltr'><strong>legionem</strong></span> <span class='ocrx_word' id='word_1_335' title='bbox 2045 3845 2309 3917; x_wconf 86' lang='lat' dir='ltr'><strong>adducat,</strong></span> <span class='ocrx_word' id='word_1_336' title='bbox 2339 3867 2462 3923; x_wconf 75' lang='lat' dir='ltr'><strong>qua</strong></span> 
     </span>
    </p>
   </div>
  </div>
 </body>
</html>
