2709 4300
436 299 561 360 ΜΞ
1160 307 1249 356 nn
1286 303 1498 356 natm
1533 303 1816 354 aunon
2231 303 2366 357 [cm
2383 307 2530 348 m

540 457 755 504 matres
780 445 1037 504 familiae
1066 453 1299 522 reponte
1328 444 1388 502 in
1411 443 1711 520 publicum
1733 432 2166 519 pmcurrertmt}
2191 441 2532 514 flentesque,

538 536 827 613 projectae
856 535 929 592 ad
956 533 1131 611 pedes
1158 549 1415 602 suorum,
1449 533 1714 590 omnibus
1741 533 2014 610 precibus
2039 533 2346 608 petierunt,
2365 546 2536 586 nese

536 635 597 682 et
640 641 979 682 communes
1021 622 1233 680 liberos
1276 621 1534 678 hostibus
1573 619 1647 678 ad
1685 620 2038 696 supplicium
2063 620 2358 688 dederent,
2377 634 2538 694 ‹qms

538 713 611 771 ad
640 712 979 789 capiendam
1010 711 1211 788 fugam
1252 720 1497 768 naturae
1539 720 1598 768 et
1625 711 1844 768 virium
1873 711 2178 768 infirmitas
2205 709 2536 784 impediret.

476 815 515 868 ο
541 801 655 861 Ubi
698 819 797 860 eos
840 803 899 860 in
942 801 1225 858 sententia
1270 809 1530 874 perstare
1559 798 1846 869 viderunt,
1887 798 2038 874 quod
2081 799 2439 875 plerumque
2477 799 2538 854 in

540 909 769 948 summo
796 890 1055 966 periculo
1080 890 1253 946 timor
1278 887 1734 946 misericordiam
1762 907 1875 946 non
1899 890 2120 964 recipit,
2141 888 2538 957 conclamare,

540 989 600 1038 et
624 979 957 1054 significare
984 977 1057 1034 de
1088 976 1229 1053 sug-a
1266 977 1548 1034 Romanis
1589 987 1927 1052 coeperunt.
2009 978 2146 1042 Quo
2171 978 2388 1034 timore·
2407 994 2542 1052 per·

538 1069 721 1126 territi
750 1068 927 1137 Galli,
958 1085 1031 1124 ne
1060 1067 1135 1123 ab
1160 1067 1422 1142 equitatu
1453 1065 1848 1128 Romanorum
1877 1068 2010 1124 viae
2037 1080 2540 1200 praeoccuparen-

539 1167 655 1226 tur,
684 1157 925 1215 consilio
950 1156 1310 1215 destiterunt.

430 1251 517 1309 ’10
624 1245 871 1304 XXVII.
956 1245 1187 1303 Postero
1236 1245 1331 1302 die
1389 1243 1626 1314 Caesar,
1671 1255 1937 1320 promota
1976 1246 2142 1316 turri,
2185 1245 2543 1320 directisque

540 1336 827 1413 operibus,
872 1353 1027 1410 quae
1074 1332 1269 1391 facere
1312 1335 1656 1404 instituerat,
1703 1353 1916 1412 magno
1955 1344 2148 1392 coorto
2187 1334 2380 1403 imbri,
2425 1353 2545 1392 non

539 1425 809 1482 inutilem
854 1425 1005 1482 hanc
1034 1423 1105 1481 ad
1134 1422 1483 1499 capiendum
1523 1423 1832 1482 consilium
1871 1431 2266 1499 tempestatem
2295 1423 2544 1480 arbitra-

544 1523 657 1585 tus,
688 1513 840 1590 quod
880 1513 1057 1590 paulo
1096 1513 1390 1570 incautius
1429 1512 1720 1569 custodias
1757 1513 1816 1569 in
1857 1529 2026 1570 muro
2049 1512 2353 1587 dispositas
2379 1513 2542 1568 vide·

544 1602 659 1676 bat,
688 1621 823 1660 suos
862 1620 1090 1678 quoque
1131 1601 1464 1678 languidius
1503 1601 1564 1656 in
1603 1619 1778 1677 opere
1807 1603 2030 1658 versari
2065 1601 2257 1676 jussit,
2287 1611 2368 1670 et,
2397 1601 2545 1676 quid

444 1697 519 1752 15
546 1692 673 1750 fieri
692 1692 881 1759 vellet,
904 1690 1168 1748 ostendit.
1214 1689 1506 1767 Legiones
1528 1689 1680 1748 intra
1698 1691 1898 1747 vineas
1915 1691 1974 1746 in
1995 1690 2226 1748 occulto
2241 1690 2546 1766 expeditas

544 1780 892 1847 cohortatur,
920 1779 1311 1854 utaliquando
1338 1797 1442 1854 pro
1469 1779 1645 1836 tantis
1665 1778 1958 1836 laboribus
1982 1777 2238 1836 fructum
2259 1781 2543 1862 victoriae

532 1869 942 1945 perciperent:
1000 1866 1108 1936 his,
1150 1869 1253 1942 qui
1302 1868 1472 1944 primi
1527 1885 1761 1924 murum
1817 1868 2228 1937 ascendimnt,
2255 1869 2546 1945 praemia

544 1956 849 2032 proposuit,
880 1955 1277 2030 militibusque
1304 1957 1538 2032 signum
1563 1956 1740 2014 dedit.
1826 1955 1918 2014 Illi
1947 1957 2138 2016 subito
2165 1977 2240 2014 ex
2267 1959 2545 2015 omnibus

541 2045 803 2120 partibus
830 2043 1222 2113 evolaverunt,
1254 2062 1604 2120 murumque
1631 2040 1902 2104 celeriter
1927 2035 2384 2122 compleverunt.

435 2133 521 2191 ⁸20
626 2131 903 2191 XXVIII.
986 2131 1213 2201 Hostes,
1258 2153 1327 2195 ra
1381 2152 1532 2191 nova
1593 2135 1899 2211 perterriti,
1947 2154 2114 2193 muro
2161 2137 2542 2213 turribusque

542 2220 769 2298 dejecti,
800 2222 861 2277 in
906 2220 1027 2279 foro
1070 2240 1141 2279 ac
1181 2223 1325 2281 locis
1369 2225 1782 2299 patentioribus
1819 2226 2112 2284 cuneatim
2139 2227 2540 2295 constiterunt,

542 2312 653 2369 hoc
695 2313 905 2379 animo,
936 2321 1017 2381 ut,
1046 2312 1097 2369 si
1134 2329 1253 2387 qua
1290 2330 1366 2369 ex
1397 2322 1558 2387 parte
1583 2313 1810 2370 obviam
1839 2323 2039 2371 contra
2069 2315 2380 2383 veniretur,
2411 2316 2544 2373 acie

544 2389 828 2459 instructa
854 2401 1271 2478 depugnarent.
1359 2401 1474 2459 Ubi
1504 2403 1794 2459 neminem
1823 2404 1884 2459 in
1911 2420 2165 2477 aequum
2193 2403 2391 2461 locum
2409 2424 2544 2461 sese

544 2489 863 2560 demittere,
884 2490 983 2547 sed
1012 2500 1123 2547 toto
1152 2490 1406 2565 undique
1435 2508 1602 2548 muro
1627 2490 2020 2549 circumfundi
2039 2491 2322 2561 viderunt,
2347 2493 2540 2561 veriti,

438 2586 521 2641 25
546 2596 621 2635 ne
648 2580 879 2645 omnino
904 2596 1035 2654 spes
1063 2577 1237 2654 fugae
1266 2578 1583 2649 tolleretur,
1605 2580 1846 2655 abjectis
1867 2580 2062 2649 armis,
2089 2580 2324 2638 ultimas
2343 2582 2542 2657 oppidi

548 2677 738 2744 partes
782 2668 1095 2726 continenti
1138 2668 1359 2743 impetu
1403 2669 1769 2743 petiverunt:
1813 2674 2062 2745 parsque
2097 2669 2195 2739 ibi,
2225 2687 2406 2743 quum
2434 2688 2542 2727 an-

546 2766 716 2833 gusto
744 2763 1036 2832 portarum
1064 2757 1223 2815 exitu
1245 2776 1309 2813 se
1329 2758 1440 2833 ipsi
1467 2767 1812 2833 premerent,
1831 2776 1869 2814 a
1891 2759 2207 2831 militibus;
2235 2778 2394 2834 pare,
2411 2760 2544 2835 jam

546 2862 784 2921 egressa
811 2846 1003 2919 portis,
1034 2846 1109 2901 ab
1134 2846 1426 2921 equitibus
1453 2855 1540 2903 est
1567 2845 1904 2905 interfecta:
1933 2866 2044 2905 nec
2073 2846 2180 2905 fuit
2205 2849 2540 2923 quisquam,

546 2934 649 3008 qui
670 2933 917 3008 praedae
938 2933 1212 2991 studeret.
1297 2934 1480 2991 Sicet
1501 2934 1834 2992 Genabensi
1853 2936 2034 2993 caede
2057 2946 2114 2994 et
2135 2937 2330 2993 labore
2347 2940 2542 3013 operis

386 3040 397 3051 ·
428 3028 522 3083 τεο
538 3022 785 3090 incitati,
816 3038 931 3078 non
974 3030 1161 3077 aetate
1204 3021 1503 3093 confectis,
1533 3042 1648 3080 non
1691 3024 2049 3095 mulieribus„
2079 3044 2194 3083 non
2221 3025 2542 3085 infantibus

546 3119 949 3187 pepercerunt.
1034 3108 1303 3185 Denique
1330 3129 1403 3172 ex
1431 3112 1588 3169 omni
1617 3132 1686 3191 eo
1721 3131 1981 3184 numero,
2009 3115 2112 3189 qui
2155 3112 2263 3171 fuit
2303 3116 2542 3173 circiter

546 3216 625 3256 11.
652 3198 919 3267 millium,
952 3198 1047 3254 vix
1076 3216 1233 3268 neec,
1264 3200 1366 3275 qui
1409 3201 1594 3275 primo
1631 3201 1885 3259 clamore
1915 3203 2110 3261 audito
2135 3222 2300 3260 seex
2325 3205 2536 3279 oppido

546 3287 857 3361 ejecerant,
876 3286 1197 3345 incolumes
1218 3286 1289 3344 ad
1310 3288 1850 3367 Vercingetorigem
1879 3302 2285 3366 pervenerunt.
2369 3292 2540 3358 Quos

532 3374 665 3444 ills,
686 3374 869 3431 multa
890 3374 1013 3449 jam
1042 3386 1225 3444 nocte,
1246 3377 1476 3435 silentio
1501 3396 1574 3434 ex
1605 3376 1745 3453 fuga
1765 3380 2010 3455 excepit,
2035 3380 2296 3457 (veritus,
2321 3400 2398 3438 ne
2417 3400 2540 3457 qua

440 3463 607 3527 35in
654 3464 862 3519 castris
906 3480 981 3519 ex
1028 3482 1229 3519 eorum
1276 3482 1568 3525 concursu
1607 3477 1666 3523 et
1707 3468 2107 3526 misericordia<
2131 3469 2296 3545 vulgi
2337 3471 2541 3528 seditio

544 3550 839 3626 oriretur,)
870 3560 949 3617 ut,
980 3552 1185 3625 procul
1214 3553 1277 3609 in
1304 3553 1402 3611 via
1427 3550 1712 3629 dispositis
1739 3553 2124 3627 familiaribus
2161 3560 2287 3615 suis·
2324 3560 2538 3633 prinei-

547 3638 833 3713 pibunque
850 3637 1171 3705 civitatum,
1194 3639 1584 3714 disparandos„
1609 3642 2090 3719 deducendosque
2111 3645 2186 3703 ad
2205 3664 2342 3703 suos
2367 3666 2537 3705 cura-

546 3731 652 3788 ret,
680 3740 831 3793 quae
856 3722 1071 3796 cuique
1098 3726 1329 3785 civitati.
1346 3746 1481 3803 pars
1507 3739 1830 3787 castrorum
1859 3732 1934 3789 ab
1959 3734 2122 3789 initio
2141 3733 2480 3793 obvenerat.

628 3805 847 3871 xxlx.
892 3808 1125 3867 Postero
1150 3811 1243 3869 die
1272 3815 1520 3879 oonsilio
1557 3828 1890 3891 convocato,
1915 3821 2250 3883 consolatus
2269 3823 2536 3883 echert&
