2709 4300
272 309 390 356 Car.
409 313 480 364 38,-
497 310 588 362 89.]
1063 307 1255 356 LIBER
1291 309 1547 356 PRIMUS.
2288 303 2367 362 81

271 445 584 504 celerrime
612 447 810 523 potuit,
841 455 1190 522 comparata,
1219 448 1451 524 magnis
1477 445 1775 504 itineribus
1802 447 1876 504 ad
1904 445 2268 510 Ariovistum

271 537 591 594 contendit.

343 624 696 684 XXXVIII.
741 625 948 694 Quum
977 624 1152 682 tridui
1181 625 1338 682 viam
1380 627 1769 702 processisset,
1798 626 2141 686 nunciatum
2177 637 2267 686 ent

269 715 350 782 ei,
382 715 743 772 Ariovistum
771 733 909 772 cum
937 714 1063 771 suis
1089 714 1356 772 omnibus
1396 714 1577 790 copiis
1604 713 1677 772 ad
1716 714 2117 790 occupandum
2144 715 2263 774 Ve-

269 803 610 873 sontionem,
655 803 807 879 quod
851 812 938 860 est
973 801 1250 878 oppidum
1294 804 1614 863 maximum
1658 802 2079 879 Sequanorum,
2128 823 2262 864 con-
2288 811 2327 864 5

270 891 528 962 tendere,
575 893 868 968 triduique
913 893 1070 950 viam
1125 909 1164 949 a
1209 893 1332 950 suis
1384 892 1599 949 finibus
1652 891 1985 968 profecisse.
2070 893 2134 951 Id
2188 913 2263 953 ne

271 981 584 1050 accideret,
615 999 828 1057 magno
853 999 1026 1056 opere
1069 981 1536 1056 praecavendum
1576 981 1685 1038 sibi
1710 981 1933 1040 Caesar
1971 983 2261 1041 existima·

271 1069 404 1126 bat:
446 1089 700 1146 namque
747 1071 1006 1128 omnium
1049 1086 1264 1140 rerum,
1309 1087 1463 1145 quae
1508 1069 1581 1128 ad
1626 1069 1843 1128 bellum
1888 1072 2021 1128 usui
2076 1081 2261 1142 erant,

269 1176 502 1216 summa
529 1167 656 1216 erat
683 1160 743 1214 in
771 1177 840 1216 eo
865 1158 1068 1235 oppido
1096 1157 1344 1216 facultas
1369 1178 1386 1230 ;
1433 1157 1605 1234 idque
1644 1168 1853 1216 natura
1880 1159 1991 1218 loci
2019 1160 2105 1217 sic
2134 1179 2258 1218 mu-

267 1248 556 1318 niebatur,
601 1257 664 1304 ut
692 1265 965 1324 magnam
993 1247 1063 1304 ad
1105 1246 1437 1305 ducendum
1465 1247 1683 1304 bellum
1712 1247 1875 1306 daret
1902 1247 2257 1320 facultatem,
2290 1253 2367 1308 10

267 1346 572 1412 propterea
597 1337 748 1411 quod
771 1337 986 1394 flumen
1008 1335 1214 1406 Dubis,
1237 1346 1302 1393 ut
1322 1336 1545 1393 circino
1563 1336 2051 1408 circumductum,
2074 1355 2261 1414 paene

265 1434 455 1489 totum
481 1425 752 1501 oppidum
781 1425 1000 1502 cingit3
1047 1424 1338 1500 reliquum
1378 1425 1650 1501 spatium,
1680 1425 1831 1500 quod
1872 1435 1959 1482 est
1998 1442 2112 1482 non
2140 1443 2258 1482 am-

268 1513 428 1590 plius
453 1513 664 1589 pedum
693 1533 784 1584 nc,
813 1532 932 1590 qua
959 1514 1177 1570 flumen
1205 1514 1547 1581 intermittit,
1578 1531 1743 1570 mons
1768 1513 2021 1570 continet
2048 1531 2263 1590 magna

267 1601 592 1672 altitudine,
623 1604 702 1660 ita
731 1611 794 1661 ut
822 1602 1048 1660 radices
1089 1602 1218 1676 ejus
1261 1603 1471 1659 montis
1516 1619 1589 1658 ex
1617 1611 1867 1676 utraque
1895 1611 2057 1678 parte
2102 1603 2261 1680 ripae

267 1691 528 1749 fluminis
555 1693 906 1768 contingant.
991 1689 1172 1750 Hunc
1189 1706 1395 1748 murus
1422 1690 1819 1748 circumdatus
1840 1709 2038 1749 arcem
2064 1691 2258 1764 efficit,
2290 1697 2363 1754 15

265 1789 328 1838 et
355 1799 495 1838 cum
521 1779 724 1857 oppido
751 1780 1072 1856 conjungit.
1158 1779 1298 1838 Huc
1340 1779 1563 1839 Caesar
1588 1781 1817 1857 magnis
1860 1778 2083 1838 diurnis
2126 1799 2259 1840 noc·

265 1870 572 1945 turnisque
601 1869 904 1926 itineribus
931 1868 1239 1939 contendit,
1267 1878 1667 1945 occupatoque
1706 1869 1911 1946 oppido
1938 1869 2017 1926 ibi
2046 1872 2258 1947 praesi-

265 1959 432 2016 dium
455 1959 726 2016 collocat.

354 2046 631 2106 XXXIX.
675 2045 835 2104 Dum
857 2062 1080 2122 ,paucos
1119 2047 1243 2106 dies
1285 2046 1356 2104 ad
1387 2045 1799 2105 Vesontionem
1829 2049 1915 2106 rei
1944 2047 2257 2108 frumenta·

269 2136 392 2193 riae
436 2145 906 2211 commeatusque
949 2154 1130 2195 causa
1169 2145 1445 2207 moratur,
1492 2155 1565 2214 ex
1614 2137 2083 2212 percunctatione
2130 2158 2255 2198 nos-
2280 2145 2363 2201 20

267 2236 492 2283 trorum
537 2226 894 2301 vocibusque
935 2224 1242 2283 Gallorum
1299 2244 1373 2283 ac
1426 2234 1833 2296 mercatorum,
1889 2228 1991 2302 qui
2039 2230 2258 2305 ingenti

269 2314 668 2391 magnitudine
712 2332 1019 2389 corporum
1064 2312 1410 2383 Germanos,
1452 2314 1779 2372 incredibili
1824 2316 2037 2374 virtute
2084 2326 2259 2393 atque

265 2404 680 2461 exercitatione
715 2403 777 2459 in
819 2402 996 2459 armis
1037 2422 1164 2459 esse
1210 2402 1641 2479 praedicabant,
1670 2420 2087 2477 saepenumero
2129 2424 2258 2463 sese

267 2510 404 2550 cum
433 2493 520 2549 eis
547 2508 887 2568 congressos
913 2508 988 2547 ne
1016 2490 1244 2549 vultum
1271 2491 1507 2567 quidem
1536 2500 1709 2565 atque
1740 2491 1929 2547 aciem
1954 2490 2257 2549 oculorum

269 2578 420 2637 ferre
449 2581 717 2656 potuisse,
747 2588 942 2637 tantus
969 2580 1156 2637 subito
1193 2580 1363 2637 timor
1388 2598 1618 2637 omnem
1658 2580 1981 2637 exercitum
2007 2598 2253 2657 occupa·
2279 2592 2361 2647 25

266 2670 366 2739 vit,
391 2679 456 2727 ut
483 2686 596 2726 non
625 2667 988 2727 mediocriter
1003 2669 1262 2725 omnium
1279 2679 1501 2725 mentes
1518 2668 1853 2743 animosque
1871 2668 2254 2743 perturbaret.

265 2756 386 2817 Hic
429 2758 682 2834 primum
729 2767 889 2815 ortus
925 2766 1012 2815 est
1060 2775 1096 2813 a
1142 2757 1391 2814 tribunis
1433 2755 1700 2824 militum,
1751 2755 2075 2831 praefectis,
2123 2758 2255 2817 reli-

263 2848 528 2923 quisque,
558 2846 660 2921 qui
687 2865 761 2903 ex
805 2846 970 2915 urbe,
1001 2845 1290 2903 amicitiae
1319 2862 1519 2912 causa,
1546 2842 1865 2901 Caesarem
1904 2846 2109 2915 secuti,
2140 2862 2257 2903 non

265 2954 544 3013 magnum
587 2936 647 2991 in
690 2952 754 2993 re
799 2935 1038 2993 militari
1066 2952 1238 2991 usum
1285 2931 1605 2990 habebant:
1646 2950 1895 3009 quorum
1940 2932 2108 3003 alius,
2139 2934 2257 2992 alia

263 3042 450 3082 causa
477 3024 662 3093 illata,
691 3042 869 3099 quam
913 3022 1024 3080 sibi
1071 3022 1142 3080 ad
1172 3020 1654 3098 proficiscendum
1694 3023 2086 3079 necessariam
2128 3042 2255 3080 esse
2280 3018 2359 3089 ’30

261 3114 500 3182 diceret,
559 3113 802 3188 petebat,
855 3121 919 3169 ut
963 3111 1092 3186 ejus
1136 3111 1433 3169 voluntate
1476 3110 1775 3169 discedere
1815 3111 2058 3169 licerett
2114 3128 2253 3169 non-

262 3202 430 3271 nulli,
472 3200 688 3277 pudore
717 3200 969 3270 adducti,
1001 3209 1064 3257 ut
1091 3200 1312 3258 umoris
1353 3200 1741 3276 suspicionem
1770 3200 2037 3269 vitarent,
2069 3218 2252 3257 rema-
2304 3277 2312 3283 ἱ

262 3291 496 3349 nebant.
581 3288 663 3346 Hi
690 3308 878 3365 neque
898 3289 1124 3345 vultum
1145 3288 1367 3365 fingere
1394 3307 1583 3363 neque
1610 3287 1899 3345 interdum
1916 3287 2259 3363 lachrymas

261 3389 460 3437 tenere
488 3387 782 3455 poterant:
827 3378 1002 3435 abditi
1041 3378 1102 3433 in
1129 3376 1526 3437 tabernaculis
1568 3386 1667 3433 aut
1698 3393 1872 3433 suum
1899 3374 2089 3437 fatum
2112 3394 2250 3451 que-

263 3468 556 3535 rebantur,
606 3476 709 3523 aut
757 3484 894 3524 cum
951 3463 1336 3524 familiaribus
1392 3464 1515 3522 suis
1568 3482 1875 3522 commune
1924 3464 2251 3540 periculum
2278 3478 2357 3533 35

263 3556 708 3614 miserabantur.
792 3554 990 3631 Vulgo
1017 3555 1146 3612 totis
1173 3555 1382 3613 castris
1408 3560 1751 3610 testamenta
1774 3552 2247 3629 obsignabantur.

263 3644 492 3703 Horum
519 3644 763 3702 vocibus
798 3662 870 3701 ac
897 3645 1122 3713 timore,
1153 3642 1434 3719 paulatim
1462 3642 1637 3699 etiam
1664 3641 1724 3711 ii,
1755 3642 1855 3717 qui
1884 3658 2160 3717 magnum
2189 3642 2251 3699 in

261 3734 466 3791 castris
489 3751 660 3790 usum
677 3732 982 3801 habebant,
1001 3730 1212 3789 milites
1227 3731 1729 3807 centurionesque,
1748 3730 1965 3806 quique
1992 3730 2250 3806 equitatu

263 3830 586 3899 praeerant,
633 3820 1138 3903 perturbabantur.
1221 3820 1361 3895 Qui
1390 3838 1453 3877 se
1509 3838 1583 3879 ex
1632 3820 1722 3877 his
1776 3820 1971 3877 minus
2022 3818 2251 3879 timidos
