2709 4300
259 300 385 347 cu.
408 305 483 355 es,
500 299 599 353 aa]
1062 301 1255 348 LIBER
1280 301 1586 355 an'rus.
2244 297 2362 356 101

263 437 443 514 sequi
465 436 669 512 jubet;
702 446 759 494 et
784 455 970 512 quum
998 439 1232 515 propius
1259 441 1660 518 Ambiorigem
1687 427 2041 514 accessisset,
2065 443 2266 519 jussus

270 545 445 583 arma
490 527 763 602 abjicere,
814 527 1161 603 imperatum
1211 528 1368 599 facit,
1419 531 1672 606 suisque,
1720 543 1782 590 ut
1827 533 1980 590 idem
2029 533 2262 606 faciant,

264 615 543 691 imperat.
628 615 887 686 Interim,
945 617 1085 674 dum
1141 617 1213 674 de
1266 619 1694 678 conditionibus
1745 623 1894 680 inter
1945 641 2008 680 se
2063 634 2262 700 agunt,
2297 663 2300 668 -

268 704 617 782 longiorque
639 707 909 764 >consulto
932 707 1009 762 'ab
1038 707 1378 785 Ambiorige
1407 709 1724 772 instituitur
1745 730 1954 783 sermo,
1984 713 2262 788 paulatim

262 797 713 854 circumventus
758 795 1125 854 interficitur.
1208 797 1370 854 Tum
1419 815 1556 858 vero
1603 819 1710 858 suo
1757 821 1915 860 more
1961 803 2262 860 victoriam
2280 799 2322 854 ὖ

266 885 661 955 conclamant,
708 896 881 962 atque
939 886 1225 944 ululatum
1274 888 1500 958 tollunt,
1543 890 1874 966 impetuque
1927 892 1988 948 in
2043 901 2262 950 nostros

260 977 453 1046 facto,
474 977 705 1036 ordines
743 977 1101 1052 perturbant.
1185 977 1271 1036 Ibi
1300 977 1374 1036 L.
1405 980 1572 1037 Cotta
1613 999 1878 1057 pugnans
1917 983 2262 1040 interficitur

268 1085 414 1135 cum
463 1067 719 1123 maxima
763 1077 927 1142 parte
975 1066 1257 1124 militum:
1302 1069 1512 1144 reliqui
1554 1089 1616 1126 se
1648 1071 1708 1126 in
1735 1073 1934 1128 castra*
1955 1072 2258 1146 recipiunt,

268 1155 427 1212 unde
456 1165 625 1214 erant
650 1156 871 1232 egressi
896 1175 911 1211 ι
942 1175 1015 1212 ex
1042 1157 1255 1230 quibus
1281 1155 1355 1214 L.
1389 1158 1738 1216 Petrosidius
1767 1158 2054 1234 aquilifer,
2075 1179 2259 1236 quum

258 1263 487 1322 magna
510 1244 878 1302 multitudine
898 1245 1145 1302 hostium
1174 1257 1550 1321 premeretur,
1576 1248 1830 1324 aquilam
1859 1249 2010 1305 intra
2036 1250 2258 1306 vallum
2280 1250 2356 1306 10

268 1335 531 1410 projecit,
564 1334 685 1410 ipse
727 1351 831 1410 pro
870 1333 1077 1391 castris
1122 1333 1428 1392 fortissime
1472 1354 1736 1412 pugnans
1777 1337 2080 1394 occiditur.
2163 1338 2260 1396 Illi

2377 606 2388 636 ἶ

268 1441 449 1499 aegre
480 1423 552 1480 ad
592 1433 819 1480 noctem
860 1425 1341 1500 oppugnationem
1384 1425 1698 1481 sustinent:
1739 1435 1914 1482 noctu
1959 1425 2034 1482 ad
2075 1445 2258 1484 unum

264 1531 487 1582 omnes,
516 1513 817 1590 desperata
844 1513 1050 1582 salute,
1080 1531 1145 1569 se
1173 1513 1281 1588 ipsi
1309 1504 1682 1570 interficiunt.
1766 1513 1969 1582 Pauci,
1997 1532 2070 1573 ex
2099 1532 2257 1590 proe-

260 1603 349 1660 -lio
375 1603 579 1678 elapsi,
608 1603 847 1660 incertis
874 1602 1179 1660 itineribus
1206 1619 1310 1678 per
1336 1601 1514 1658 siivas
1541 1601 1614 1660 ad
1645 1600 1720 1658 T.
1746 1599 2074 1660 Labienum
2102 1603 2257 1681 lega-

266 1700 395 1749 tum
424 1693 484 1748 in
513 1692 753 1748 hiberna
781 1691 1143 1768 perveniunt,
1174 1701 1347 1765 atque
1375 1707 1512 1747 eum
1541 1690 1612 1748 de
1641 1690 1814 1749 rebus
1853 1692 2030 1768 gestis
2057 1693 2356 1752 certio-13

265 1799 395 1839 rem
426 1779 679 1838 faciunt.

328 1866 692 1927 XXXVIII.
739 1869 871 1928 Hac
917 1869 1161 1926 victoria
1200 1870 1466 1928 sublatus
1511 1871 1836 1943 Ambiorix,
1887 1874 2078 1932 statim
2117 1891 2258 1932 cum

256 1959 534 2035 equitatu
558 1961 619 2016 in
648 1959 1010 2028 Aduatucos,
1040 1960 1143 2034 qui
1170 1969 1337 2017 erant
1364 1961 1492 2036 ejus
1519 1980 1698 2038 regno
1725 1963 1972 2034 finitimi,
2003 1965 2254 2042 proficis-

266 2050 461 2121 citui-3
502 2067 691 2124 neque
718 2039 944 2106 noctem
972 2067 1163 2123 neque
1190 2049 1343 2106 diem
1373 2050 1704 2122 intermittit,
1735 2052 2164 2130 peditatumque
2191 2071 2256 2112 se

266 2139 545 2215 subsequi
587 2138 772 2215 jubet.
857 2137 949 2195 Re
996 2137 1402 2210 demonstrata,
1452 2139 1894 2219 Aduatucisque
1933 2143 2254 2215 concitatiS,
2273 2143 2354 2201 Μ

267 2238 497 2305 postero
540 2228 631 2287 die
680 2229 739 2283 in
790 2226 1040 2285 Nervios
1095 2229 1372 2303 pervenit,
1422 2230 1834 2306 hortaturque3
1890 2232 1986 2291 Ne
2041 2234 2134 2291 sui
2188 2234 2251 2291 in

266 2327 613 2393 perpetuum
640 2316 941 2387 liberandi,
972 2328 1145 2392 atque
1175 2318 1496 2376 ulciscendi
1523 2319 1836 2389 Romanos,
1863 2338 1966 2395 pro
1993 2322 2064 2377 iis
2103 2339 2254 2396 quas

266 2407 601 2483 acceperint
652 2405 899 2481 injuriis,
947 2408 1309 2463 occasionem
1363 2407 1686 2465 dimittant:
1743 2406 2070 2465 interfectos
2123 2426 2251 2467 esse

266 2495 491 2572 legatos
528 2495 661 2565 duo,
694 2512 1081 2572 magnamque
1121 2506 1343 2571 partem
1385 2498 1676 2555 exercitus
1717 2497 1982 2553 interisse
2020 2496 2250 2555 demon.

266 2596 449 2657 strat3
512 2585 657 2642 nihil
706 2602 835 2641 esse
884 2585 1115 2660 negotii,
1142 2585 1349 2644 ,subito
1389 2602 1720 2661 oppressam
1761 2585 2064 2661 legionem,
2099 2604 2250 2661 quae
2271 2590 2364 2657 ω,

266 2693 407 2733 cum
448 2674 729 2733 Cicerone
772 2674 1001 2743 hiemet,
1044 2674 1333 2745 interfici3
1399 2694 1462 2731 se
1491 2674 1563 2731 ad
1611 2693 1742 2731 eam
1789 2692 1914 2731 rem
1956 2675 2252 2751 profitetur

266 2763 609 2839 adjutorem.
692 2762 895 2820 Facile
924 2764 1035 2821 hac
1062 2764 1319 2823 oratione
1339 2762 1580 2840 Nerviis
1607 2762 1932 2839 persuadet.

350 2852 628 2911 XXXIX.
673 2851 894 2927 Itaque,
944 2850 1247 2910 confestim
1300 2852 1552 2909 dimissis
1605 2853 1836 2911 nunciis
1889 2852 1962 2911 ad
2013 2854 2249 2913 Centro-

264 2960 391 3012 nes,
422 2941 689 3011 Grudios‚
720 2941 1003 3011 Levaces,
1034 2941 1417 3012 Pleumoxios,
1447 2941 1762 3013 Geidunos,
1789 2943 1890 3018 qui
1917 2962 2116 3001 omnes
2141 2944 2252 3001 sub

262 3050 471 3090 eorum
498 3032 738 3107 imperio
763 3041 915 3100 sunt,
944 3050 1121 3106 quam
1148 3032 1436 3089 maximas
1473 3050 1680 3091 manus
1707 3042 1960 3109 possunt,
1989 3041 2245 3111 cogunt3
2274 3036 2352 3095 δῦ

262 3132 325 3181 et
364 3121 435 3178 de
479 3122 783 3199 improviso
822 3120 895 3177 ad
935 3120 1233 3179 Ciceronis
1274 3121 1514 3179 hiberna
1553 3121 1838 3190 advolant,
1883 3121 2136 3181 nondum
2177 3120 2252 3179 ad

262 3230 403 3269 eum
434 3210 589 3267 fama
626 3211 699 3267 de
738 3210 956 3268 Titurii
1000 3219 1181 3267 morte
1218 3211 1462 3287 perlata.
1545 3208 1706 3267 Huic
1747 3228 1979 3286 quoque
2019 3210 2248 3281 accidit,

264 3300 419 3377 quod
448 3299 557 3359 fuit
596 3318 855 3370 necesse,
886 3309 951 3358 ut
990 3298 1255 3357 nonnulli
1294 3300 1524 3370 milites,
1553 3300 1654 3375 qui
1695 3299 2024 3376 lignationis
2061 3300 2248 3357 muni·-

262 3390 554 3465 tionisque
604 3406 787 3447 causa
840 3390 903 3446 in
960 3389 1139 3447 silvas
1194 3388 1610 3459 discessissent,
1653 3389 1948 3465 repentino
1987 3389 2250 3464 equitum

264 3479 521 3536 adventu
572 3479 1077 3555 interciperentur.
1160 3478 1275 3537 His
1328 3478 1762 3547 circumventis,
1805 3494 2020 3554 magna
2069 3494 2250 3535 manu
2270 3482 2352 3539 86

266 3568 591 3637 Eburones,
622 3568 854 3638 Nervii,
884 3568 1204 3637 Aduatuci,
1242 3577 1414 3643 atque
1457 3567 1663 3624 horum
1707 3566 1962 3623 omnium
2011 3562 2154 3623 sdeii
2193 3575 2252 3625 et

264 3658 525 3728 clientes,
570 3658 859 3734 legionem
908 3676 1245 3734 oppugnare
1292 3656 1610 3732 incipiunt:
1653 3656 1830 3713 nostri
1872 3654 2140 3713 celeriter
2177 3654 2250 3713 ad

266 3766 433 3805 arma
456 3756 837 3818 concurrunt,
866 3744 1090 3805 vallum
1130 3745 1544 3806 conscendunt.
1629 3744 1828 3821 Aegre
1867 3744 1920 3802 is
1961 3742 2086 3801 dies
2125 3760 2248 3802 sus-

257 3845 563 3907 tentatur„
582 3836 737 3913 quod
782 3854 1013 3897 omnem
1062 3856 1223 3916 spem
1269 3836 1460 3895 hostes
1501 3834 1564 3893 iu
1609 3834 1907 3893 celeritate
1945 3833 2248 3911 ponebam.

1234 3944 1303 4001 9*
