2709 4300
379 309 464 370 ’18
1101 315 1192 366 nn·
1223 313 1433 364 nanno
1463 311 1749 360 cunco
2144 311 2277 366 [cu.
2300 315 2375 364 aa,
2390 317 2467 358 ss.

479 456 730 516 classem
767 453 933 530 jubet
979 452 1312 511 convenire.
1397 450 1649 521 Interim,
1678 449 1917 508 consilio
1956 449 2087 524 ejus
2126 449 2377 526 cognito,
2406 456 2473 504 et

481 563 586 622 per
611 553 960 602 mercatores
987 541 1202 618 perlato
1229 541 1301 598 ad
1333 540 1657 608 Britannos,
1676 557 1710 596 a
1727 538 2123 614 compluribus
2150 537 2279 613 ejus
2306 538 2469 594 insu-

481 633 574 692 lae
601 631 934 690 civitatibus
953 630 1022 687 ad
1053 648 1188 688 eum
1217 630 1393 705 legati
1415 629 1669 696 veniunt,
1700 627 1801 703 qui
1828 626 2213 706 polliceantur
2238 625 2473 684 obsides

482 720 638 790 dare,
683 732 854 796 atque
899 720 1138 794 imperio
1185 717 1391 793 Populi
1440 716 1687 774 Romani
1730 717 2149 792 obtemperare.
2232 715 2475 780 Quibus

420 815 461 871 δ
485 810 709 878 auditis,
753 808 1070 866 liberaliter
1111 806 1403 882 pollicitus
1442 806 1833 880 hortatusque,
1864 814 1927 862 ut
1968 805 2029 862 in
2068 821 2143 861 ea
2182 803 2475 860 sententia

485 907 904 976 permanerent,
923 915 1020 954 eos
1037 895 1268 952 domum
1299 895 1571 966 remittit3
1602 904 1661 951 et
1688 911 1825 952 curn
1852 893 1943 950 bis
1970 909 2090 952 una
2116 892 2471 961 Commium,

484 1005 660 1063 quem
713 987 851 1062 ipse,
904 983 1280 1042 Atrebatibus
1332 983 1635 1057 superatis,
1688 1001 1885 1057 regem
1940 982 2021 1039 ibi
2074 982 2473 1049 constituerat,

485 1077 658 1150 cujus
683 1085 742 1132 et
762 1075 1032 1132 virtutem
1063 1082 1120 1130 et
1147 1071 1453 1128 consilium
1484 1071 1775 1147 probabat,
1806 1079 1861 1128 et
1886 1088 2063 1146 quem
2094 1070 2205 1126 sibi
2236 1069 2477 1126 fidelem

487 1163 888 1231 arbitrabatur,
939 1161 1222 1235 cujusque
1279 1160 1593 1216 auctoritas
1646 1161 1707 1216 in
1762 1160 1833 1216 iis
1886 1159 2217 1235 regionibus
2270 1159 2477 1234 magni

389 1255 464 1312 1⁰
488 1251 822 1320 habebatur,
847 1251 1036 1307 mittit.
1121 1248 1282 1306 Huic
1309 1249 1573 1324 imperat,
1592 1267 1739 1322 quas
1768 1249 1959 1323 possit,
1990 1247 2158 1305 adeat
2184 1247 2475 1316 civitatee,

489 1341 875 1414 horteturque,
897 1349 960 1396 ut
975 1337 1180 1413 Populi
1205 1337 1451 1394 Romani
1480 1337 1651 1394 fidem
1680 1349 2033 1411 sequantu13
2066 1354 2243 1411 seque
2264 1336 2477 1394 celeri-

489 1437 580 1488 ter
605 1447 674 1486 eo
701 1439 1008 1486 venturum
1041 1428 1300 1484 nunciet.
1383 1425 1735 1495 Volusenus,
1766 1425 2081 1501 perspectis
2122 1423 2476 1500 regionibus»,

489 1528 771 1594 quantum
787 1518 842 1574 ei
873 1515 1165 1575 facultatis
1191 1515 1316 1574 dari
1345 1516 1543 1592 potuit,
1562 1515 1663 1590 qui
1690 1515 1827 1570 navi
1854 1513 2053 1590 egredi
2082 1533 2155 1571 ac
2182 1532 2247 1570 se
2268 1513 2477 1570 barba-

493 1607 574 1664 ris
601 1606 954 1666 committere
983 1623 1096 1664 non
1125 1605 1385 1673 auderet,
1415 1605 1613 1680 quinto
1640 1603 1733 1660 die
1762 1603 1833 1660 ad
1874 1602 2189 1660 Caesarem
2236 1602 2479 1660 reverti·

393 1696 470 1754 ta
494 1705 590 1754 tur
613 1713 630 1766 ;
675 1712 942 1770 quaeque
971 1694 1050 1751 ibi
1080 1693 1481 1769 perspexisset,
1514 1692 1837 1750 renunciat.

576 1781 765 1840 XXII.
809 1781 968 1840 Dum
995 1783 1058 1840 in
1085 1782 1176 1840 his
1198 1782 1342 1840 locis
1362 1781 1581 1839 Caesar
1606 1781 1847 1838 navium
1874 1779 2267 1856 parandarum
2294 1799 2481 1838 causa

495 1881 766 1954 moratur,
809 1889 883 1928 ex
925 1887 1138 1946 magna
1185 1879 1346 1946 parte
1396 1868 1755 1926 Morinorum
1802 1868 1874 1926 ad
1916 1887 2053 1926 eum
2092 1869 2273 1946 legati
2302 1887 2481 1926 vene·

497 1968 648 2027 runt,
677 1959 778 2033 qui
805 1979 870 2016 se
895 1959 966 2016 de
991 1958 1304 2034 superioris
1331 1958 1601 2034 temporis
1644 1957 1885 2016 consilio
1926 1967 2297 2028 excusarent,
2326 1957 2483 2034 quod

495 2047 754 2104 homines
807 2047 1038 2104 barbari
1083 2056 1142 2106 at
1189 2057 1415 2104 nostrae
1462 2046 1897 2104 consuetudinis
1950 2046 2201 2124 imperiti
2258 2046 2482 2104 bellum

393 2137 470 2195 2⁰
497 2135 714 2211 Populo
757 2135 1014 2195 Romano
1058 2134 1346 2205 fecissent,
1392 2154 1571 2211 seque
1618 2156 1707 2205 ea,
1753 2154 1906 2211 quae
1952 2136 2311 2211 imperasset,
2362 2135 2483 2195 fac·

495 2234 656 2283 turos
697 2225 1126 2302 pollicerentur.
1210 2224 1340 2283 Hoc
1384 2226 1495 2282 sibi
1538 2226 1677 2282 satis
1719 2236 2035 2301 opportune
2064 2225 2283 2283 Caesar
2326 2226 2481 2283 acci-

495 2314 648 2373 disse
677 2315 1003 2383 arbitratus,
1033 2314 1184 2390 quod
1213 2332 1403 2390 neque
1444 2323 1568 2391 post
1607 2323 1837 2390 tergum
1882 2315 2103 2373 hostem
2150 2314 2483 2390 relinquere

496 2406 740 2473 volebat,
769 2422 957 2479 neque
986 2403 1122 2460 belli
1149 2403 1391 2481 gerendi
1419 2412 1649 2479 propter
1690 2404 1825 2459 anni
1870 2412 2097 2479 tempus
2140 2401 2483 2460 facultatem

495 2492 759 2561 habebat,
791 2510 978 2567 neque
1009 2492 1113 2549 has
1149 2492 1509 2549 tantularum
1550 2510 1745 2549 rerum
1772 2493 2179 2567 occupationes
2204 2491 2317 2547 sibi
2349 2491 2481 2549 Bri-

393 2586 472 2643 εὖ
495 2583 728 2639 maniae
755 2578 1182 2656 anteponendas
1215 2580 1533 2655 judicabat,
1563 2598 1839 2656 magnum
1868 2581 1959 2638 his
1985 2580 2249 2637 obsidum
2276 2598 2485 2637 nume·

496 2686 628 2727 rum
675 2670 938 2744 imperat.
1021 2666 1256 2735 Quibus
1295 2668 1577 2738 adductis,
1606 2688 1706 2727 eos
1734 2670 1794 2725 in
1822 2669 1995 2726 fidem
2032 2670 2271 2745 recepit.
2358 2669 2420 2725 N
2424 2690 2481 2727 a·

495 2758 666 2815 vibus
691 2758 924 2815 circiter
950 2774 1108 2815 nxxx
1135 2758 1419 2816 onerariis
1444 2758 1661 2815 coactis
1688 2758 2131 2833 contractisque,
2160 2756 2315 2832 quod
2342 2761 2484 2816 satis

495 2863 621 2905 esse
663 2844 734 2903 ad
775 2845 920 2903 duas
961 2846 1429 2922 transportandas
1474 2845 1733 2922 legiones
1774 2846 2157 2915 existimabat,
2200 2847 2483 2922 quidquid

495 2943 794 3009 praeterea
823 2934 1059 2990 navium
1089 2934 1399 3010 longarum
1426 2934 1690 3003 habebat,
1720 2936 2030 3009 quaestori,
2061 2935 2285 3011 legatis,
2318 2954 2481 3011 prae-

393 3030 470 3087 ω
497 3019 774 3098 sectisque
801 3021 1110 3080 distribuit.
1195 3021 1334 3079 Huc
1364 3023 1719 3081 accedebant
1758 3040 1911 3081 xvm
1938 3024 2235 3081 onerariae
2276 3042 2481 3095 navae,

493 3128 644 3185 quae
671 3128 745 3168 ex
773 3128 842 3167 eo
868 3109 996 3167 loco
1037 3110 1110 3167 ab
1149 3110 1409 3168 millibus
1454 3130 1733 3187 passuum
1760 3130 1874 3169 vm
1904 3121 2073 3170 vento
2112 3113 2481 3182 tenebantur,

494 3216 610 3274 quo
635 3201 828 3256 minus
855 3199 916 3255 in
943 3197 1192 3255 eundem
1220 3207 1447 3273 portum
1489 3200 1791 3275 pervenire
1833 3210 2080 3276 possent.
2164 3199 2292 3257 Has
2320 3204 2481 3275 equi-

493 3288 647 3345 tibus
693 3287 1019 3359 distribuit3
1066 3288 1357 3362 reliquum
1402 3288 1726 3347 exercitum
1766 3288 1845 3354 Q.
1892 3288 2125 3346 Titurio
2166 3288 2383 3347 Sabino
2426 3300 2485 3348 et

493 3373 570 3435 L.
618 3376 1028 3433 Aurunculeio
1069 3375 1270 3433 Cottae
1326 3376 1551 3451 legatis,
1594 3378 1654 3433 in
1708 3377 2007 3453 Menapios
2062 3388 2235 3453 atque
2280 3378 2341 3434 in
2382 3398 2485 3436 eos

391 3468 468 3525 86
494 3482 672 3540 pagos
712 3462 1086 3531 Morinorum,
1133 3464 1206 3521 ab
1248 3464 1461 3539 quibus
1506 3465 1579 3521 ad
1622 3484 1760 3522 eum
1807 3466 1983 3542 legati
2024 3484 2137 3523 non
2182 3478 2481 3537 venerant,

491 3550 896 3611 deducendum
935 3551 1109 3609 dedit.
1192 3551 1258 3608 P.
1290 3550 1617 3629 Sulpicium
1660 3553 1883 3611 Rufum
1922 3555 2197 3631 legatum,
2234 3572 2373 3613 cum
2414 3575 2487 3613 eo

493 3640 794 3715 praesidio,
817 3638 968 3714 quod
995 3640 1138 3697 satis
1163 3658 1292 3697 esse
1319 3641 1725 3711 arbitrabatur,
1750 3653 1977 3717 portum
2004 3652 2201 3700 tenere
2225 3641 2421 3718 jussit.

573 3725 794 3783 xxm.
839 3726 952 3781 His
1005 3728 1328 3785 constitutis
1382 3730 1593 3799 rebuS,·
1626 3740 1835 3789 nactus
1888 3731 2155 3789 idoneam
2196 3732 2271 3788 ad
2318 3734 2483 3791 navi-

493 3810 754 3885 gandum
781 3820 1202 3884 tempestatem,
1227 3817 1399 3871 tertia
1426 3814 1547 3873 sere
1576 3817 1779 3893 vigilia
1818 3818 2008 3889 solvit,
2036 3820 2379 3899 equitesque
2420 3822 2487 3881 in
