2709 4300
44 2073 51 2078 ι
21 2003 38 2046 V

715 699 797 772 C.
858 699 1136 773 JULII
1198 701 1691 774 CAESARIS

415 935 1973 1072 COMMENTARIORUM

618 1191 756 1256 DE
833 1193 1200 1257 BELLO
1271 1193 1781 1258 GALLICO

1013 1397 1298 1454 LIBER
1346 1399 1397 1455 Ι.

754 1609 1110 1618 ———

897 1745 1497 1819 ARGU'MENTUM.

267 1917 388 1966 Car.
429 1915 472 1964 1.
507 1913 697 1964 Galliae
739 1913 1004 1975 descriptio.
1070 1911 1142 1962 ΙΙ.
1176 1911 1308 1960 Eam
1351 1911 1584 1962 invadunt
1633 1913 1857 1962 Helvetii.
1924 1911 2043 1962 XII.
2097 1913 2195 1964 Sed

203 2011 234 2042 a
273 1994 490 2042 Caesare
523 1991 706 2040 duobus
748 1990 938 2052 proeliis
967 1988 1316 2054 profligantur:
1384 1989 1624 2038 XXVIII.
1672 1996 1722 2039 et
1760 1991 1987 2054 reliquiae
2019 1992 2069 2040 in
2103 2007 2191 2053 pa·

205 2071 353 2118 triam
388 2069 679 2131 relegantur.
744 2065 901 2114 XXX.
949 2065 1080 2114 Galli
1126 2066 1252 2130 apud
1293 2065 1557 2116 Caesarem
1594 2067 1655 2114 de
1694 2066 2063 2122 Germanorum,
2095 2067 2192 2128 qui,

201 2146 330 2193 duee
365 2143 607 2199 Ariovisti,
644 2142 976 2204 Seouanorum
1010 2156 1182 2206 agrum
1215 2141 1500 2199 insidebant,
1535 2141 1785 2191 insolentia
1822 2148 2191 2205 conqueruntur.

201 2218 437 2268 XXXIV.
473 2219 580 2275 Ille,
605 2217 968 2281 componendae
991 2218 1076 2274 rei,
1098 2219 1282 2281 legatos
1315 2218 1379 2265 ad
1412 2218 1707 2267 Ariovistum
1739 2221 1898 2267 mittit.
1932 2218 2190 2267 XXXVII.

209 2296 390 2344 Verum
424 2310 539 2344 eum
569 2296 618 2343 id
650 2296 840 2351 frustra,
874 2296 1034 2356 copias
1068 2295 1294 2342 adversus
1339 2310 1455 2343 eum
1488 2296 1648 2343 ducit=
1729 2294 1960 2353 XXXIX,
1994 2296 2193 2357 pavidas

199 2371 397 2433 quidem
418 2370 624 2432 primum
649 2376 699 2418 et
720 2376 1010 2417 trementes:
1062 2368 1167 2417 XL.
1199 2375 1306 2431 post
1329 2376 1497 2417 tamen
1528 2371 1673 2431 ipsius
1704 2370 1898 2419 hortatu
1933 2370 2190 2417 animatas

137 2436 146 2443 ’
199 2448 367 2497 XLII.
400 2448 750 2511 Colloquuntur
780 2449 904 2497 inter
933 2464 989 2497 ee
1019 2450 1230 2511 partium
1249 2449 1425 2497 duces:
1490 2447 1669 2497 XLVI.
1716 2448 1803 2497 sed
1834 2450 1967 2497 nullo
2000 2448 2191 2497 effeetu-

201 2523 444 2573 XLVIII.
478 2524 620 2573 Proin
645 2525 788 2573 annis
809 2539 888 2572 res
907 2525 1093 2588 agitur:
1159 2523 1275 2573 LII.
1309 2530 1360 2573 et
1382 2524 1523 2574 clade
1544 2530 1763 2587 accepta,
1786 2540 1815 2573 e
1842 2524 2009 2573 Galliis
2029 2526 2191 2587 profu·

201 2601 343 2663 giunt
365 2598 614 2649 Germani.

283 2721 332 2780 I.
381 2720 620 2781 GALma
649 2731 739 2780 est
776 2723 960 2793 omnis
987 2722 1176 2781 divisa
1215 2723 1276 2779 in
1319 2732 1511 2797 partes
1552 2732 1689 2792 tres,
1711 2740 1969 2825 ‘quarum
2013 2741 2189 2780 unam

203 2812 468 2872 incolunt
495 2798 732 2889 Belgae,
763 2794 936 2875 aliam
969 2811 1270 2897 Aquitani,
1299 2812 1547 2881 tertiam,
1578 2812 1679 2886 qui
1706 2812 1959 2887 ipsorum
1988 2810 2192 2889 lingua

201 2901 424 2970 Celtae,
447 2910 643 2959 nostra
673 2900 832 2959 Galli
863 2901 1247 2978 appellantur.
1330 2900 1413 2957 Hi
1441 2919 1639 2958 omnes
1660 2901 1879 2977 lingua,
1900 2902 2187 2973 institutiS‚

203 2990 433 3068 legibus
474 2991 628 3047 inter
671 3010 734 3061 se
779 2990 1072 3048 differunt.
1161 2984 1365 3048 Gallos
1411 2990 1483 3047 ab
1529 2991 1841 3067 Aquitanis
1886 2991 2191 3049 Garumna

204 3081 442 3151 flumen,
475 3100 510 3137 a
538 3080 738 3157 Belgis
780 3080 1046 3138 Matrona
1085 3090 1144 3139 et
1183 3081 1459 3160 Sequana
1498 3080 1717 3140 dividit.
1803 3082 2031 3143 Horum
2071 3101 2187 3139 om·
2216 3086 2253 3139 5

203 3170 368 3227 niu'm
418 3168 712 3227 fortissimi
753 3180 888 3229 sunt
929 3169 1166 3246 Belgae,
1199 3183 1499 3249 propterea
1521 3172 1690 3249 ‘quod
1732 3191 1769 3229 a
1810 3172 1974 3229 cultu
2017 3182 2189 3247 atque

203 3258 560 3317 humanitate
590 3260 932 3318 Provinciae
973 3260 1305 3337 longissime
1349 3256 1573 3331 absunt,
1606 3262 1955 3336 minimeque
1994 3260 2065 3317 ad
2094 3281 2191 3319 eos

205 3361 556 3406 mercatores
583 3368 757 3427 saepe
793 3360 1135 3419 commeant,
1168 3359 1339 3425 atque
1370 3370 1458 3420 ea,
1488 3370 1639 3427 quae
1669 3350 1739 3407 ad
1782 3349 2191 3409 effeminandos

203 3438 430 3495 animos
456 3438 760 3514 pertinent,
789 3439 1131 3515 important:
1176 3440 1537 3515 proximique
1567 3450 1701 3499 sunt
1730 3439 2057 3511 GermaniS,
2088 3440 2201 3519 qui*

202 3535 366 3584 trans
413 3526 687 3585 Rhenum
725 3529 1006 3597 incolunt,
1035 3529 1386 3604 quibuscum
1430 3530 1789 3609 continenter
1830 3531 2047 3589 bellum
2090 3552 2186 3609 ge·
2216 3538 2287 3591 lo

204 3624 376 3687 runt:
418 3616 636 3693 quade
679 3636 862 3676 eausa
904 3616 1162 3675 Helvetii
1191 3636 1421 3694 quoque
1464 3618 1715 3693 reliquos
1747 3620 1949 3678 Gallos
1976 3622 2187 3681 virtute
2340 3610 2345 3615 ⁵

205 3705 580 3783 praecedunt,
601 3708 754 3783 quod
785 3706 904 3765 fere
933 3707 1279 3784 quotidianis
1302 3706 1533 3784 proeliis
1562 3726 1698 3765 cum
1722 3708 2029 3768 Germanis
2056 3730 2187 3769 eon-

206 3795 464 3867 tendunt,
509 3816 692 3874 quum
740 3807 842 3856 aut
885 3798 1008 3855 suis
1061 3797 1272 3857 finibus
1315 3818 1413 3857 eos
1454 3800 1775 3875 prohibent,
1824 3808 1924 3859 aut
1971 3802 2079 3877 ipsi
2128 3802 2189 3857 in

207 3904 408 3943 eorum
431 3886 641 3945 finibus
663 3886 882 3946 bellum
903 3897 1134 3965 gerunt.
1219 3888 1438 3946 Eorum
1464 3907 1579 3946 una
1608 3908 1759 3965 pars,
1782 3908 1957 3965 quarn
1988 3890 2191 3947 Gallos

1184 3981 1221 4033 2

2313 4041 2426 4172 b
