2709 4300
219 331 338 378 Gar.
351 329 528 384 2548]
1006 329 1200 378 Lm
1231 329 1513 378 TERTIUS
2230 323 2315 384 δῖ

303 465 502 525 XXV.
547 465 634 524 Ibi
677 483 858 541 quum
905 464 1004 522 alii
1051 465 1232 524 fossas
1274 465 1647 541 complerent,
1694 465 1793 524 alii
1838 463 2035 525 multis
2076 465 2207 526 telis

219 555 502 631 conjectis
529 553 860 612 defensores
886 555 1042 613 vallo
1070 555 1597 630 munitionibusque
1636 555 2009 630 depellerent,
2040 556 2205 614 auxi·

219 644 533 720 liaresque,
555 645 768 720 quibus
795 644 868 701 ad
895 662 1154 720 pugnam
1175 663 1288 702 non
1314 644 1563 702 multum
1590 644 1837 702 Crassus
1864 645 2206 716 confidebat,

217 733 512 810 lapidibus
539 735 784 808 telisque
825 732 1342 802 subministrandis,
1374 744 1433 790 et
1468 733 1539 790 ad
1582 751 1855 812 aggerem
1896 735 2207 809 cespitibus

217 823 664 900 comportandis,
703 823 954 898 speeiem
997 831 1172 898 atque
1209 823 1531 900 opinionem
1561 824 1943 901 pugnantium
1970 824 2203 900 praebe-
2230 831 2269 888 ο

217 923 370 982 rent,
399 931 582 988 quum
610 913 748 968 item
777 911 850 967 ab
887 911 1142 968 hostibus
1169 921 1497 968 constanter
1520 930 1593 969 ac
1618 930 1729 970 non
1758 912 1955 970 timide
1984 931 2205 990 pugnae

217 1013 402 1072 retur,
419 1003 652 1076 telaque
671 1019 744 1058 ex
773 1001 900 1057 loeo
926 1001 1222 1076 superiore
1240 1001 1417 1058 missa
1443 1019 1559 1058 non
1586 1000 1803 1060 frustra
1830 1001 2159 1060 acciderent
2181 1022 2201 1076 3

214 1094 464 1168 equites,
510 1091 834 1149 eireumitis
881 1091 1128 1149 hostium
1169 1092 1394 1160 castris,
1442 1090 1653 1149 Crasso
1694 1093 2203 1163 renunciaverunt,

215 1181 360 1239 Non
389 1181 594 1238 eadem
623 1199 750 1238 esse
777 1179 1074 1256 diligentia
1101 1180 1176 1237 ab
1201 1179 1525 1238 decumana
1553 1189 1715 1258 porta
1742 1191 1935 1240 castra
1961 1183 2201 1253 munita,

216 1270 574 1344 facilemque
603 1269 822 1327 aditum
845 1269 1079 1346 habere.
2232 1275 2309 1332 10

302 1359 526 1418 XXVI.
569 1359 836 1428 Crassus,
865 1360 1126 1434 equitum
1151 1357 1475 1436 praefectos
1512 1359 1857 1428 cohortatus,
1888 1369 1953 1417 ut
1978 1361 2207 1437 magnis

215 1451 496 1526 praemiis
523 1448 1140 1526 pollicitationibusque
1180 1467 1324 1505 suos
1357 1449 1696 1517 excitarent,
1724 1448 1863 1524 quid
1890 1449 2019 1506 fieri
2046 1450 2203 1520 velit,

211 1538 482 1596 ostendit.
567 1536 680 1607 Illi,
701 1547 764 1595 ut
779 1546 915 1596 erat
941 1539 1306 1613 imperatum,
1335 1537 1561 1594 eductis
1586 1546 1833 1611 quatuor
1858 1537 2205 1608 cohortibus,

213 1645 390 1704 quae,
433 1627 718 1703 praesidio
743 1628 948 1686 castris
986 1626 1244 1696 relictae,
1290 1626 1521 1682 intritae
1562 1625 1637 1682 ab
1679 1625 1875 1683 labore
1900 1636 2085 1709 erant,
2128 1637 2203 1696 et,

215 1717 478 1794 longiore
505 1717 712 1774 itinere
737 1716 1174 1785 circumductis,
1203 1733 1280 1773 ne
1307 1733 1381 1772 ex
1410 1715 1658 1772 hostium
1700 1716 1909 1774 eastris
1950 1717 2204 1791 conspici
2234 1719 2307 1772 15

215 1815 467 1884 possent,
521 1806 782 1862 omnium
834 1805 1022 1863 oculis
1067 1805 1473 1879 mentibusque
1528 1803 1601 1861 ad
1649 1821 1905 1881 pugnam
1952 1805 2201 1875 intentis,

215 1895 493 1952 celeriter
513 1893 587 1952 ad
607 1911 724 1963 eas,
743 1912 890 1969 quas
905 1893 1174 1964 diximuS,
1193 1894 1541 1950 munitiones
1558 1903 1977 1969 pervenerunt3
2010 1903 2203 1970 atque,

218 1983 312 2041 his
341 1984 607 2060 prorutis,
637 1985 798 2060 prius
826 1985 886 2040 in
915 1983 1160 2041 hostium
1189 1983 1397 2040 eastris
1423 1983 1816 2054 constiterunt,
1835 2002 2011 2060 quam
2033 1984 2203 2059 plane

218 2073 298 2130 ab
325 2073 398 2129 iis
423 2073 624 2142 videri,
655 2081 772 2142 aut,
801 2072 940 2153 quid
969 2071 1052 2130 rei
1093 2081 1412 2148 gereretur,
1442 2072 1711 2150 cognosci
1752 2082 1957 2150 posset.
2043 2073 2201 2130 Tum

217 2180 378 2230 ver0,
419 2162 672 2219 elamore
701 2162 774 2218 ab
801 2180 872 2219 ea
899 2170 1059 2238 parte
1089 2160 1298 2231 audit0‚
1328 2162 1507 2219 nostri
1536 2161 1935 2239 redintegratis
1963 2163 2200 2235 viribus,
2224 2166 2307 2221 20
2386 2232 2391 2237 ,

215 2250 374 2327 quod
415 2250 756 2327 plerumque
799 2251 862 2307 in
905 2268 1006 2327 spe
1033 2250 1314 2307 victoriae
1353 2250 1617 2307 accidere
1662 2252 1979 2320 consuevit,
2010 2252 2205 2309 acrius

219 2341 566 2416 impugnare
593 2347 927 2415 coeperunt.
1012 2337 1222 2397 Hostes
1241 2337 1497 2413 undique
1515 2338 1916 2407 circumventi,
1935 2338 2201 2415 despera-

219 2430 298 2486 tis
325 2429 590 2485 omnibus
619 2428 810 2499 rebus,
833 2446 896 2485 se
925 2444 1030 2504 per
1045 2428 1391 2485 munitiones
1416 2427 1684 2503 dejicere,
1704 2435 1761 2482 et
1790 2424 1932 2500 fuga
1958 2424 2204 2483 salutem

219 2528 418 2595 petere
466 2517 902 2575 contenderunt.
1005 2516 1172 2582 Quos
1219 2518 1509 2593 equitatus
1558 2514 1931 2591 apertissimis
1984 2516 2205 2591 campis

218 2616 604 2676 consectatus,
635 2624 706 2664 ex
735 2605 986 2663 millium
1013 2606 1434 2682 quinquaginta
1460 2621 1719 2672 numero,
1741 2622 1892 2679 quae
1914 2621 1989 2660 ex
2018 2604 2201 2679 Aqui·
2224 2604 2307 2658 2⁵

218 2696 382 2753 tania
426 2695 848 2771 Cantabrisque
895 2694 1234 2752 convenisse
1281 2693 1593 2760 constabat,
1638 2692 1738 2749 vix
1786 2701 1996 2766 quarta
2042 2700 2203 2768 parte

219 2783 444 2854 relicta,
475 2784 658 2842 multa
683 2794 850 2841 noete
879 2802 941 2841 se
971 2784 1032 2839 in
1057 2792 1251 2840 castra
1280 2781 1519 2856 recepit.

304 2872 553 2932 XXVII.
598 2872 730 2931 Hae
759 2872 958 2932 audita
999 2890 1215 2949 pugna,
1247 2871 1501 2927 maxima
1528 2886 1663 2945 pars
1691 2867 2047 2945 Aquitaniae
2074 2887 2205 2926 sese

217 2962 432 3021 Crasso
458 2962 686 3032 dedidit,
705 2960 1044 3037 obsidesque
1073 2962 1224 3020 ultro
1241 2960 1428 3017 misit:
1470 2978 1587 3035 quo
1612 2959 1673 3017 in
1700 2977 1943 3017 numero
1970 2957 2207 3015 fuerunt

219 3050 504 3121 Tarbelli,
534 3051 920 3127 Bigerriones,
945 3049 1227 3120 Preciani,
1249 3049 1518 3119 Vocates,
1540 3048 1877 3118 Tarusates,
1908 3047 2202 3117 Elusates,
2230 3048 2309 3101 30

219 3140 474 3209 GariteS,
505 3140 712 3209 Ausci,
737 3139 1042 3207 Garumni,
1063 3136 1385 3208 SibuzateS,
1402 3138 1730 3197 Cocosates·
1814 3136 2048 3194 Paucae
2076 3136 2205 3193 ulti-

220 3248 352 3285 mae
401 3230 676 3298 nationes,
719 3228 855 3286 anni
897 3237 1152 3303 tempore
1199 3227 1471 3297 confisae,
1513 3226 1665 3303 quod
1724 3224 1913 3283 hiems
1952 3226 2204 3294 suberat,

219 3318 332 3375 hoe
363 3316 554 3377 faeere
575 3316 980 3393 neglexerunt.

304 3404 584 3465 XXVIII.
629 3405 850 3462 Eodem
893 3402 1018 3463 'fere
1057 3414 1310 3481 tempore
1350 3404 1589 3472 Caesar,
1632 3403 1737 3460 etsi
1779 3420 1953 3479 prope
1998 3411 2206 3459 exacta

211 3499 342 3573 jam
389 3504 578 3553 aestas
624 3484 768 3565 erat,
811 3504 1025 3565 tamen,
1069 3494 1241 3569 quod,
1287 3494 1442 3551 omni
1486 3491 1685 3549 Gallia
1727 3502 1950 3568 pacata,
1995 3489 2205 3548 Morini
2230 3494 2307 3549 35

221 3585 594 3661 Menapiique
637 3594 996 3661 supererant,
1027 3584 1128 3659 qui
1173 3584 1233 3639 in
1277 3582 1455 3639 armis
1498 3590 1705 3650 essent,
1734 3598 1923 3655 neque
1968 3579 2041 3636 ad
2068 3598 2203 3637 eum

219 3690 481 3749 unquam
511 3674 732 3749 legatos
773 3672 844 3731 de
885 3692 1028 3751 pace
1073 3671 1383 3737 misissent,
1412 3669 1724 3727 arbitratus
1764 3668 1819 3727 id
1850 3667 2067 3726 bellum
2108 3688 2201 3727 ee-

219 3763 422 3821 leriter
463 3762 672 3819 confici
717 3780 900 3838 posse,
939 3780 1008 3819 eo
1052 3760 1373 3819 exercitum
1418 3758 1693 3815 adduxit:
1734 3759 1835 3833 qui
1878 3756 2046 3835 longe
2088 3758 2207 3817 alia

221 3851 462 3911 ratione.
509 3870 580 3909 ac
623 3849 834 3927 reliqui
875 3849 1052 3921 Galli,
1091 3849 1310 3909 bellum
1352 3865 1531 3928 agere
1573 3848 1961 3907 instituerunt.
2044 3846 2106 3905 N
2108 3864 2205 3905 am
