2709 4300
121 307 242 356 ΕΔΓ.
267 309 360 361 18.]
941 309 1131 356 LIBER
1167 309 1421 356 PRIMUS.
2138 305 2213 364 21

121 465 314 522 quam
364 447 474 522 ipsi
523 447 912 522 magistratus·
998 447 1122 504 Hos
1163 447 1431 506 seditiosa
1472 456 1644 522 atque
1692 449 1951 525 improba
1990 469 2117 510 ora-

123 537 288 593 tione
320 535 748 592 multitudinem
777 535 1087 608 deterrere,
1118 556 1190 594 ne
1231 536 1582 594 frumentum
1624 537 1939 608 conferant,
1968 540 2119 616 quod

123 635 432 700 praestare
459 624 724 682 debeant.
807 625 872 682 Si
893 627 1018 701 jam
1047 627 1433 702 principatum
1464 626 1695 684 Galliae
1720 627 1977 686 obtinere
2005 649 2119 687 non

125 718 373 792 possint,
397 716 717 786 Gallorum,
738 735 916 796 quam
947 717 1356 786 Romanorum,
1388 718 1631 793 imperia
1658 716 1911 792 perferre
1938 721 2121 778 satius

124 827 260 865 esse
281 828 301 880 3
349 826 538 882 neque
565 807 830 866 dubitare
859 807 1086 877 debere,
1116 809 1274 884 quin,
1305 809 1355 866 si
1394 807 1693 866 Helvetios
1720 811 2121 886 superaverint
2144 819 2183 874 5

128 897 408 966 Romani,
438 915 558 954 una
583 915 720 954 cum
751 897 974 972 reliqua
1003 897 1198 955 Gallia
1220 897 1447 956 Aeduis
1474 897 1797 975 libertatem
1824 901 1939 958 sint
1958 916 2119 977 erep-

126 989 272 1046 turi:
362 988 460 1046 Ab
487 987 693 1044 iisdem
721 998 914 1046 nostra
935 989 1192 1058 consilia,
1213 1007 1481 1066 quaeque
1502 990 1560 1046 in
1590 990 1795 1048 castris
1820 1001 2118 1068 gerantur,

127 1078 394 1136 hostibus
421 1078 759 1136 enunciari:
803 1077 908 1135 hos
933 1097 970 1134 a
1001 1097 1064 1134 se
1091 1079 1350 1136 coerceri
1378 1097 1490 1136 non
1520 1097 1717 1154 posse:
1760 1081 1899 1156 quin
1926 1081 2119 1150 etiam,

126 1168 287 1242 quod
345 1168 674 1226 necessario
728 1185 852 1224 rem
906 1167 1146 1225 Caesari
1201 1169 1551 1238 enunciaria
1602 1169 1927 1246 intelligere
1970 1189 2117 1239 sese,

127 1265 352 1332 quanto
378 1257 436 1315 id
463 1275 602 1315 cum
629 1257 890 1333 periculo
926 1255 1144 1327 fecerit,
1183 1266 1243 1315 et
1267 1257 1340 1315 ob
1368 1275 1498 1314 eam
1526 1275 1785 1328 causam,
1816 1276 1993 1334 quam
2020 1259 2121 1316 diu
2149 1266 2225 1320 10

131 1348 406 1422 potuerit,
433 1348 710 1404 tacuisse.
1732 1369 1739 1374 ·

218 1436 445 1496 XVIII.
489 1437 710 1496 Caesar
737 1438 848 1496 hac
889 1439 1144 1496 oratione
1172 1436 1338 1496 Lisci
1378 1435 1817 1513 Dumnorigem,
1846 1435 2123 1494 Divitiaci

131 1526 400 1596 fratrem,
429 1526 720 1603 designari
747 1528 1062 1586 sentiebat:
1107 1527 1226 1597 sed,
1257 1527 1409 1600 quod
1438 1525 1701 1601 pluribus
1730 1527 2125 1602 praesentibus

127 1637 238 1674 eas
283 1635 381 1674 res
419 1617 632 1692 jactari
671 1617 917 1687 nolebat,
947 1617 1218 1674 celeriter
1245 1615 1561 1674 concilium
1602 1615 1850 1686 dimittit,
1882 1615 2123 1675 Liscum

132 1707 379 1764 retinet:
423 1705 648 1779 quaerit
675 1724 747 1762 ex
775 1705 896 1763 solo
923 1725 1010 1776 ea,
1041 1723 1192 1780 quae
1221 1705 1280 1760 in
1322 1715 1611 1762 conventu
1638 1704 1881 1763 dixerat.
1967 1703 2124 1764 Dicit
2154 1713 2227 1768 15

133 1796 386 1854 liberius
429 1804 601 1870 atque
644 1795 943 1852 audacius.
1029 1795 1252 1852 Eadem
1295 1805 1519 1852 secreto
1563 1795 1637 1851 ab
1678 1795 1807 1852 aliis
1850 1797 2121 1872 quaerit3

135 1887 358 1962 reperit
383 1904 510 1942 esse
540 1903 680 1942 vera
703 1905 718 1942 ε
760 1883 956 1961 Ipsum
997 1903 1124 1942 esse
1153 1883 1575 1961 Dumnorigem
1602 1901 1831 1942 summa
1858 1883 2121 1955 audacia,

135 1995 358 2052 magna
385 1974 538 2051 apud
567 1975 793 2050 plebem
815 1985 1041 2050 propter
1061 1973 1467 2032 liberalitatem
1493 1975 1699 2050 gratia,
1730 1975 2123 2050 cupidumque

135 2083 339 2124 rerum
369 2081 684 2122 novarum:
726 2064 1054 2140 complures
1075 2081 1254 2120 annos
1275 2063 1540 2139 portoria,
1565 2063 1905 2140 reliquaque
1930 2065 2127 2122 omnia
2167 2081 2175 2088 ·

135 2158 486 2216 Aeduorum
510 2156 834 2233 vectigalia,
859 2174 1036 2233 parvo
1056 2157 1238 2232 pretio
1259 2156 1552 2232 redempta
1570 2157 1801 2227 habere,
1826 2167 2125 2233 propterea
2149 2160 2231 2215 2⁰

133 2248 314 2324 quod,
345 2247 446 2304 illo
473 2246 712 2315 licente,
731 2255 932 2303 contra
973 2246 1140 2303 liceri
1186 2245 1399 2303 audeat
1438 2264 1628 2303 nemo·
1712 2245 1825 2303 His
1851 2248 2027 2303 rebus
2066 2256 2125 2303 et

135 2356 310 2395 suam
357 2354 480 2393 rem
527 2335 872 2393 familiarem
916 2336 1165 2405 auxisse,
1195 2345 1250 2393 et
1295 2334 1603 2393 facultates
1646 2334 1716 2392 ad
1759 2334 2125 2411 largiendum

135 2444 386 2503 magnas
403 2442 798 2501 comparasse:
829 2442 1105 2501 magnum
1121 2442 1431 2483 numerum
1450 2425 1743 2499 equitatus
1768 2442 1874 2480 suo
1892 2432 2127 2498 sumptu

135 2532 374 2593 semper
401 2514 560 2572 alere
601 2523 661 2572 et
699 2514 924 2571 circum
967 2532 1032 2571 se
1075 2514 1323 2572 habere:
1366 2532 1557 2589 neque
1599 2513 1785 2570 solum
1826 2511 1997 2582 domi,
2026 2512 2126 2569 sed

135 2604 318 2663 etiam
367 2603 522 2679 apud
569 2603 843 2661 finitimas
889 2604 1152 2661 civitates
1198 2602 1441 2679 largiter
1489 2620 1689 2678 posse:
1732 2611 1903 2675 atque
1953 2598 2127 2676 hujus
2151 2610 2229 2665 25

137 2695 428 2771 potentiae
457 2711 638 2750 causa
665 2703 909 2751 matrem
929 2694 988 2749 in
1011 2692 1375 2769 Biturigibus
1396 2692 1611 2748 homini
1631 2690 1753 2748 illic
1776 2691 2129 2749 nobilissimo

139 2805 212 2843 ac
257 2784 649 2861 potentissimo
689 2783 1038 2841 collocasse:
1083 2783 1271 2858 ipsum
1309 2800 1384 2836 ex
1413 2779 1699 2837 Helvetiis
1744 2796 1983 2836 uxorem
2028 2780 2127 2837 ha-

139 2876 316 2931 bere:
359 2890 612 2930 sororem
639 2890 713 2929 ex
741 2880 926 2929 matre
953 2881 1011 2929 et
1037 2872 1389 2947 propinquas
1430 2888 1567 2926 suas
1608 2877 1853 2944 nuptum
1894 2869 1960 2925 in‘
1984 2868 2131 2925 alias

138 2964 408 3022 civitates
436 2962 784 3019 collocasse:
831 2960 1030 3019 favere
1071 2970 1128 3018 et
1153 2978 1371 3036 cupere
1416 2958 1703 3017 Helvetiis
1744 2968 1973 3036 propter
1998 2976 2129 3016 eam

141 3053 518 3111 affinitatem:
559 3050 746 3109 odisse
784 3052 956 3109 etiam
997 3068 1105 3109 suo
1133 3051 1365 3109 nomine
1392 3049 1705 3107 Caesarem
1731 3059 1789 3107 et
1817 3048 2125 3117 Romanos,
2154 3052 2233 3109 30

139 3142 294 3218 quod
343 3158 547 3199 eorum
591 3140 844 3197 adventu
892 3141 1142 3217 potentia
1178 3140 1306 3215 ejus
1349 3138 1663 3209 deminuta,
1706 3148 1765 3195 et
1804 3138 2131 3196 Divitiacus

142 3231 324 3289 frater
351 3231 412 3287 in
441 3230 744 3304 antiquum
770 3229 964 3287 iocum
991 3230 1212 3307 gratiae
1243 3238 1415 3304 atque
1444 3229 1673 3287 honoris
1708 3229 1782 3285 sit
1810 3228 2125 3284 restitutus.

139 3322 206 3378 Si
263 3319 407 3395 quid
476 3319 703 3377 accidat
759 3318 1056 3390 Romanis,
1113 3338 1403 3377 summam
1460 3320 1519 3375 in
1576 3336 1739 3393 spem
1806 3317 1973 3393 regni
2027 3308 2153 3393 per'

141 3411 450 3470 Helvetios
501 3410 792 3468 obtinendi
848 3412 1086 3483 venire3
1163 3411 1405 3487 imperio
1453 3409 1657 3486 Populi
1714 3408 1963 3466 Romani
2016 3427 2130 3466 non

141 3500 312 3559 modo
351 3499 424 3557 de
466 3518 662 3577 regnO,
705 3498 808 3558 sed
847 3502 1018 3559 etiam
1061 3501 1130 3559 de
1181 3520 1269 3570 ea,
1311 3518 1489 3576 quam
1531 3499 1757 3568 habeat,
1800 3498 1989 3575 gratia
2034 3498 2127 3556 de·
2155 3500 2233 3554 35

141 3606 401 3667 sperare.
487 3590 835 3667 Reperiebat
872 3592 1046 3648 etiam
1073 3592 1132 3649 in
1155 3589 1487 3667 quaerendo
1524 3588 1759 3659 Caesar,
1790 3588 1939 3663 quod
1970 3606 2130 3664 proe-

141 3681 292 3738 lium
337 3689 608 3755 equestre
657 3680 963 3741 adversum
1012 3681 1216 3757 paucis
1263 3688 1395 3737 ante
1442 3678 1646 3737 diebus
1692 3688 1843 3735 esset
1891 3676 2129 3747 factum,

143 3770 378 3827 initium
405 3768 535 3845 ejus
555 3768 732 3845 fugae
761 3768 980 3827 factum
1009 3790 1044 3827 a
1070 3769 1433 3847 Dumnorige
1462 3778 1635 3845 atque
1664 3768 1792 3845 ejus
1820 3768 2127 3846 equitibuS,

145 3860 310 3936 (nam
338 3859 618 3934 equitatu,
647 3876 824 3935 quem
852 3858 1070 3917 auxilio
1108 3859 1350 3917 Caesari
1391 3858 1587 3918 Aedui
1624 3859 1918 3931 miserant,
1948 3858 2129 3918 Dum-
