2709 4300
246 287 381 333 cn.
404 287 575 340 e-ua
1078 288 1269 336 LIBER
1304 289 1568 338 snmus,
2243 285 2362 348 120

336 421 540 481 XLII.
588 422 891 480 Reversus
930 423 1047 494 ille,
1092 435 1337 484 eventus
1378 427 1514 484 belli
1561 447 1674 486 non
1717 430 2008 507 ignorans,
2055 451 2256 504 unum,

238 513 415 587 quod
446 514 713 570 cohortes
742 531 815 572 ex
843 515 1079 570 statione
1108 523 1163 571 et
1193 516 1478 590 praesidio
1497 529 1686 576 essent
1715 521 1976 590 emissae,
2000 531 2256 596 questus,

238 619 329 658 ne
383 603 629 658 minimo
672 601 907 676 quidem
950 620 1093 658 casu
1142 603 1335 660 locum
1381 605 1630 681 relinqui
1674 608 1958 680 debuisse,
2009 611 2258 669 multum

244 688 561 748 fortunam
610 692 671 748 in
722 691 1015 766 repentino
1064 691 1311 748 hostium
1352 693 1604 752 adventu
1645 698 1892 772 potuisse
1927 699 2253 774 judicavit3

242 780 451 837 multo
480 781 655 836 etiam
688 779 953 854 amplius,
982 779 1133 854 quod
1173 799 1360 856 paene
1387 783 1460 840 ab
1485 784 1608 858 ipso
1635 785 1788 843 vallo
1815 788 2104 864 portisque
2131 807 2254 846 cas-
2279 795 2322 849 5

242 877 489 926 trorum
518 868 795 924 barbaros
824 869 1181 924 avertissent.
1266 869 1537 935 Quarum
1563 875 1821 932 omnium
1849 893 2042 934 rerum
2073 879 2254 935 maxi-

246 975 357 1013 me
410 955 822 1013 admirandum
862 956 1178 1026 videbatur,
1222 958 1374 1032 quod
1417 959 1715 1031 Germani,
1761 964 1864 1039 qui
1907 983 1978 1022 eo
2017 966 2258 1024 consilio

248 1044 545 1102 Rhenum
594 1044 960 1113 transierant,
992 1055 1055 1102 ut
1083 1047 1441 1122 Ambiorigis
1483 1049 1626 1107 fines
1653 1049 2154 1128 depopularentur,
2184 1054 2258 1112 ad

246 1143 464 1192 castra
493 1135 891 1190 Romanorum
906 1133 1098 1204 delati,
1117 1136 1534 1210 optatissimum
1553 1138 1878 1218 Ambiorigi
1909 1142 2256 1200 beneficium

246 1223 617 1282 obtulerant.
2284 1239 2359 1294 10

343 1310 570 1370 XLIII.
615 1311 849 1381 Caesar,
874 1330 1077 1370 rursus
1105 1311 1176 1370 ad
1195 1314 1486 1372 vexandos
1507 1316 1696 1374 hostes
1706 1317 2023 1392 profectus,
2047 1338 2258 1397 magno

250 1410 470 1458 coacto
514 1418 757 1458 numero
799 1419 871 1457 ex
920 1401 1179 1458 finitimis
1223 1402 1572 1473 civitatibus,
1601 1405 1662 1462 in
1703 1424 1901 1463 omnes
1942 1416 2134 1483 partes
2173 1408 2254 1465 di-

252 1491 460 1548 mittit.
548 1489 766 1546 Omnes
815 1491 933 1546 vici
989 1499 1163 1565 atque
1216 1493 1412 1548 omnia
1469 1492 1752 1561 aedificia,
1805 1511 1958 1568 quae
2013 1497 2258 1572 quisque

252 1588 666 1654 conspexerat,
696 1578 1185 1637 incendebantur:
1230 1580 1448 1654 praeda
1475 1599 1552 1638 ex
1577 1582 1844 1639 omnibus
1878 1582 2022 1640 locis
2049 1585 2255 1660 ageba-

252 1678 395 1725 tur:
442 1667 731 1725 srumenta
778 1686 891 1725 non
939 1668 1127 1724 solum
1172 1687 1207 1724 a
1251 1678 1412 1726 tanta
1453 1669 1820 1728 multitudine
1863 1671 2257 1747 jumentorum
2285 1685 2360 1739 15

258 1769 441 1833 atque
464 1757 759 1815 hominum
782 1758 1289 1828 consumebantur,
1309 1759 1410 1816 sed
1439 1760 1612 1816 etiam
1641 1761 1778 1817 anni
1807 1769 2062 1838 tempore
2085 1771 2256 1839 etque

258 1847 550 1904 imbribus
598 1846 1059 1922 procubuerant3
1106 1856 1189 1916 ut,
1239 1848 1291 1904 si
1336 1848 1440 1922 qui
1487 1849 1663 1907 etiam
1711 1851 1772 1906 in
1820 1852 2146 1926 praesentia
2191 1871 2256 1912 se

256 1939 675 2008 occultassent,
724 1949 919 1996 tamen
972 1939 1061 2008 iis,
1110 1937 1361 1996 deducto
1413 1941 1694 2011 exercitu,
1745 1959 1942 2000 rerum
1995 1944 2256 2002 omnium

260 2030 461 2106 inopia
481 2028 838 2104 pereundum
854 2029 1169 2086 videretur.
1255 2030 1353 2088 Ac
1369 2049 1542 2107 saepe
1563 2031 1624 2087 in
1643 2049 1781 2088 eum
1803 2033 1996 2090 locum
2017 2044 2256 2092 ventum
2319 2035 2328 2044 ’

260 2129 371 2188 est,
400 2129 557 2177 tanto
598 2119 657 2176 in
684 2137 885 2177 omnes
925 2128 1117 2196 partes
1156 2118 1340 2177 diviso
1369 2121 1646 2196 equitatu,
1677 2130 1740 2179 ut
1767 2122 1934 2181 modo
1961 2122 2151 2182 visum
2181 2123 2254 2181 ab
2279 2131 2356 2189 20

260 2230 328 2267 se
360 2210 757 2287 Ambiorigem
800 2210 861 2265 in
903 2208 1044 2286 fuga
1085 2210 1318 2289 captivi,
1361 2228 1472 2267 nec
1517 2210 1686 2286 plane
1731 2213 1906 2269 etiam
1951 2214 2136 2271 abisse
2179 2232 2254 2271 ex

260 2310 579 2375 conspectu
634 2298 1061 2367 contenderent,
1114 2308 1193 2368 ut,
1250 2318 1352 2375 spe
1407 2300 1794 2375 consequendi
1848 2301 2028 2371 illata,
2079 2312 2253 2378 atque

258 2391 489 2449 infinito
531 2390 727 2447 labore
770 2398 1055 2466 suscepto,
1084 2390 1187 2465 qui
1226 2408 1291 2447 se
1329 2409 1616 2448 summam
1647 2411 1682 2448 a
1709 2390 1960 2449 Caesare
2001 2392 2252 2466 gratiam

256 2482 505 2538 inituros
531 2488 815 2556 putarent,
845 2497 1029 2555 paene
1060 2488 1327 2536 naturam
1354 2479 1542 2537 studio
1569 2480 1884 2547 vincerent,
1913 2496 2254 2555 semperque

258 2570 506 2645 paulum
534 2568 605 2626 ad
632 2586 921 2626 summam
950 2566 1283 2625 felicitatem
1316 2567 1569 2626 defuisse
1599 2568 1907 2637 videretur,
1941 2576 2112 2644 atque
2153 2566 2253 2625 ille
2279 2572 2362 2629 25

257 2658 517 2727 latebriS,
548 2668 649 2716 aut
675 2658 917 2716 saltibus
944 2676 1007 2714 se
1036 2658 1299 2733 eriperet,
1330 2667 1388 2715 et
1417 2668 1591 2715 noctu
1619 2658 1946 2715 occultatus
1975 2658 2122 2715 alias
2165 2676 2251 2714 re·
2311 2680 2317 2685 ·

256 2750 463 2827 giones
490 2757 795 2826 partesque
824 2757 1059 2825 peteret,
1078 2768 1191 2806 non
1222 2750 1442 2825 majore
1460 2748 1718 2823 equitum
1753 2747 2052 2823 praesidio,
2077 2766 2254 2822 quam

256 2849 530 2915 quatuor,
558 2839 770 2914 quibus
797 2838 935 2897 solis
956 2840 1134 2896 vitam
1162 2839 1327 2895 suam
1359 2837 1714 2895 committere
1743 2836 2010 2894 audebat.

347 2928 565 2987 XLIV.
612 2928 750 2987 Tali
794 2928 961 2987 modo
1002 2930 1239 2987 vastatis
1280 2928 1630 3005 regionibus,
1665 2928 1995 2988 exercitum
2033 2926 2256 2985 Caesar

258 3018 513 3075 duarum
540 3018 862 3076 cohortium
891 3017 1101 3075 damno
1140 3017 1601 3075 Durocortorum
1647 3016 1962 3075 Remorum
2008 3016 2250 3085 reducit,
2280 3022 2358 3077 30

258 3109 623 3182 concilioque
668 3108 729 3163 in
774 3124 908 3164 eum
952 3106 1147 3165 locum
1194 3106 1428 3165 Galliae
1470 3106 1700 3175 indicto,
1743 3106 1814 3163 de
1857 3105 2252 3182 conjuratione

258 3198 561 3255 Senonum
588 3206 647 3254 et
685 3196 1011 3255 Carnutum
1051 3196 1448 3273 quaestionem
1496 3194 1712 3252 habere
1757 3196 2038 3267 instituit3
2083 3203 2140 3251 et
2181 3194 2252 3251 de

264 3288 525 3355 Accone,
556 3287 661 3361 qui
699 3287 967 3362 princeps
1012 3286 1140 3361 ejus
1184 3284 1412 3341 consilii
1442 3282 1647 3353 suerat,
1676 3284 1942 3359 graviore
1971 3285 2254 3341 sententia

262 3376 661 3454 pronunciata,
692 3394 851 3433 more
878 3375 1162 3450 majorum
1192 3372 1544 3449 supplicium
1595 3372 1858 3447 sumpsit.
1944 3372 2250 3457 Nonnulli,

268 3465 558 3540 judicium
588 3463 773 3533 veriti,
806 3463 1222 3539 profugerunt:
1266 3462 1478 3537 quibus
1505 3478 1688 3535 quum
1723 3479 1876 3536 aqua
1918 3470 2088 3535 atque
2129 3462 2251 3537 igni
2280 3464 2358 3519 35

262 3554 667 3623 interdixisset,
688 3572 731 3611 11
754 3554 1011 3629 legiones
1038 3552 1108 3609 ad
1138 3552 1284 3609 fines
1306 3550 1706 3619 Trevirorum,
1730 3568 1774 3607 11
1793 3551 1853 3605 in
1872 3548 2250 3626 Lingonibus,

266 3662 328 3701 vr
372 3643 633 3717 reliquas
660 3643 721 3698 in
748 3642 1043 3700 Senonum
1086 3641 1299 3698 finibus
1342 3638 1635 3716 Agendici
1681 3640 1742 3695 in
1788 3638 2042 3695 hibernis
2083 3636 2250 3695 collo-

260 3735 454 3804 cevit3
491 3731 895 3806 frumentoque
922 3730 1182 3788 exercitu
1211 3730 1456 3805 proviso,
1481 3737 1544 3785 ut
1571 3729 1912 3796 instituerat,
1935 3727 1996 3783 in
2024 3725 2252 3787 Italiam

260 3823 333 3881 ad
362 3828 689 3881 conventus
716 3818 967 3895 agendos
994 3816 1285 3893 profectus
1312 3827 1419 3875 est.
