2709 4300
266 235 385 283 cn.
407 231 583 289 sose]
948 297 954 304 η
1072 235 1263 282 Lissa
1288 236 1592 290 Qum-rus,
2265 228 2386 287 1oe

272 383 529 450 partem.
616 372 833 448 Neque
862 383 1057 430 tamen
1088 374 1195 430 ulli
1224 374 1446 432 civitati
1475 374 1906 432 Germanorum
1943 373 2281 450 persuaderi

270 465 477 540 potuit,
506 473 573 520 ut
600 463 875 520 Rhenum
916 463 1207 532 transiret,
1236 481 1422 538 quum
1461 482 1526 520 se
1571 465 1658 522 bis
1697 474 1962 540 expertos
2001 465 2277 534 dicerent,

272 553 567 611 Ariovisti
596 553 751 610 bello
774 562 835 609 et
862 552 1370 610 Tenchtherorum
1414 554 1680 622 transitu,
1707 571 1824 610 non
1853 571 1982 612 csse
2027 554 2278 629 ampliu·

274 641 572 700 fortunam
614 641 970 700 tentandam.
1059 641 1193 698 Hac
1232 661 1335 717 spe
1365 642 1564 718 lapsus
1603 641 2045 713 Indutiomarus,
2073 643 2276 702 nihilo-

274 733 473 790 minus
529 733 727 807 copias
780 749 1016 806 cogere,
1068 749 1362 800 exercere,
1415 749 1452 788 a
1505 732 1764 790 finitimis
1817 751 1996 808 equos
2050 749 2277 808 parare,
2303 741 2342 796 5

274 821 513 878 exsules
556 820 975 894 damnatosque
1016 819 1364 878 tota-Gallia
1391 822 1618 898 magnis
1657 823 1932 897 praennis
1959 821 2032 880 ed
2059 841 2122 880 se
2145 823 2277 880 alli-

274 927 413 968 cere
442 911 651 986 coepit.
740 909 837 965 Ac
866 917 1088 966 tantam
1116 911 1225 966 sibi
1248 910 1372 985 jam
1400 912 1478 968 iis·
1500 912 1674 968 rebus
1701 913 1760 968 in
1793 911 1992 970 Gallia
2011 913 2274 970 ‘auctori-

273 1010 453 1058 tatem
480 1008 941 1075 comparaverat,
972 1009 1036 1054 ut
1068 999 1325 1074 undique
1354 999 1426 1056 ad
1455 1019 1592 1058 eum
1621 1002 1938 1078 legationes
1967 1020 2274 1060 concurre-

187 1095 195 1101 '
272 1099 421 1158 rent,
452 1089 699 1165 gratiam
724 1097 901 1162 atque
932 1089 1251 1146 amicit-iam
1279 1090 1512 1164 publice
1542 1091 1926 1166 privatimque
1953 1100 2230 1167 peterent.

272 1199 281 1206 ·
353 1179 517 1236 LVI.
566 1179 681 1238 Ubi
724 1179 1012 1238 intellexit
1059 1179 1211 1236 ultro
1256 1179 1327 1236 ad
1377 1201 1442 1237 se
1489 1183 1696 1251 veniri,
1747 1183 1932 1239 altera
1983 1200 2057 1238 ex
2113 1191 2274 1258 parte
2295 1186 2378 1242 10

272 1269 535 1326 Senones
574 1268 979 1344 Carnutesque
1022 1269 1376 1325 conscientia
1419 1269 1696 1328 facinoris
1741 1271 2046 1346 instigari3
2089 1272 2274 1328 altera

272 1357 530 1416 Nervios
579 1358 1043 1434 Aduatucosque
1086 1359 1304 1416 bellum
1350 1358 1634 1416 Romanis
1669 1377 1893 1434 parare,
1935 1378 2126 1434 neque
2163 1361 2274 1417 sibi

274 1448 737 1505 voluntariorum
780 1449 977 1524 copias
1008 1446 1225 1516 defore,
1256 1449 1304 1503 si
1332 1465 1407 1504 ex
1436 1447 1650 1504 finibus
1691 1448 1814 1504 suis
1854 1449 2120 1524 progredi
2145 1467 2272 1506 coe-

272 1539 493 1614 pisset3
540 1546 825 1595 armatum
868 1538 1181 1594 concilium
1227 1535 1444 1604 indicit,
1477 1537 1612 1612 (hoc
1641 1553 1797 1594 more
1843 1536 2148 1594 Gallorum
2187 1547 2276 1596 ent

276 1627 509 1684 initium
558 1627 745 1702 belli,)
792 1645 923 1702 quc,
975 1627 1105 1702 lege
1156 1626 1470 1701 communi,
1521 1643 1720 1682 omnes
1767 1627 2014 1702 puberes
2067 1628 2272 1684 amati
2303 1633 2376 1688 15

273 1717 593 1774 convenire
648 1724 1045 1787 consuerunt3
1094 1716 1196 1790 qui
1246 1735 1319 1772 ex
1363 1715 1434 1772 iis
1475 1716 1820 1772 novissimus
1849 1717 2022 1784 venit,
2051 1716 2110 1772 in
2139 1732 2272 1772 con-

273 1817 479 1883 spectu
510 1805 895 1863 multitudinis
924 1805 1193 1862 omnibus
1220 1797 1582 1862 cruciatibus
1609 1803 1854 1863 affectus
1882 1815 2148 1862 necatur.
2206 1805 2272 1864 ln

275 1915 347 1954 eo
374 1897 622 1953 concilio
648 1896 1098 1972 Cingetorigem,
1133 1895 1392 1952 alterius·
1418 1889 1738 1971 principem
1789 1895 2070 1966 factionis,
2099 1915 2270 1973 gene-

268 2005 411 2042 rum
441 2002 630 2053 suum,
664 1986 862 2060 (quem
906 2003 1083 2060 supra
1125 1984 1664 2053 demonstravimus,
1691 1985 1960 2044 Caesaris
2003 1997 2271 2044 secutum

274 2075 470 2148 fidem,
504 2075 577 2131 ab
617 2094 685 2131 eo
726 2091 837 2131 non
880 2073 1261 2151 discessisse,)
1309 2075 1526 2132 hostem
1566 2075 1807 2150 judicat,
1839 2077 2102 2154 bonaque
2143 2077 2270 2153 ejus
2293 2079 2376 2134 20

278 2152 555 2243 publicat.
642 2164 753 2222 His
798 2165 974 2223 rebus
1002 2163 1297 2234 confectis,
1328 2165 1386 2221 in
1417 2167 1664 2223 concilio
1690 2169 2050 2243 pronunciat,
2081 2186 2269 2225 arces-

276 2256 453 2313 situm
499 2275 561 2311 se
608 2274 643 2311 a
686 2255 1013 2310 Senonibus
1056 2264 1113 2311 et
1162 2255 1538 2324 Carnutibus,
1583 2256 1828 2331 aliisque
1877 2257 2272 2331 compluribus

278 2344 511 2401 Galliae
560 2344 909 2412 civitatibUS,
950 2344 1067 2400 huc
1108 2344 1219 2399 iter
1260 2342 1553 2401 facturum
1603 2362 1706 2419 per
1747 2345 1890 2400 fines
1935 2344 2272 2411 Remorum,

276 2446 596 2509 eorumque
628 2452 799 2510 agros
828 2432 1254 2509 populaturum,
1288 2452 1357 2491 ac
1387 2433 1566 2509 prius,
1585 2452 1761 2507 quam
1792 2432 1848 2487 id
1874 2430 2065 2501 faciat,
2100 2432 2271 2489 Labi-

274 2525 369 2581 eni
399 2534 595 2581 castra
621 2532 1123 2599 oppugnaturum:
1169 2542 1319 2598 quae
1350 2523 1479 2579 fieri
1512 2523 1666 2590 velit,
1701 2520 1998 2597 praecipit.
2295 2524 2376 2577 25

355 2610 548 2670 LVII.
596 2611 913 2679 LabienuS,
942 2629 1125 2686 quum
1152 2621 1209 2669 et
1236 2612 1356 2675 loci¹
1379 2621 1591 2667 natura
1631 2620 1688 2667 et
1736 2627 1914 2665 manu
1961 2610 2270 2667 munitissi-

208 2772 225 2783 .
272 2702 387 2759 mis
436 2702 644 2759 castris
692 2720 819 2757 sese
866 2709 1111 2769 teneret,
1162 2700 1231 2757 de
1282 2719 1390 2757 suo
1432 2718 1502 2755 ac
1543 2699 1788 2774 legionis
1830 2698 2088 2773 periculo
2128 2697 2272 2755 nihil

272 2792 513 2847 timebat
532 2810 549 2862 3
598 2808 671 2847 ne
698 2808 877 2863 quam
905 2790 1269 2846 occasionem
1301 2788 1384 2844 rei
1429 2788 1572 2843 bene
1615 2786 1904 2862 gerendae
1945 2785 2272 2855 dimitteret,

270 2880 581 2957 cogitabat.
668 2877 869 2954 Itaque
906 2897 939 2933 a
978 2878 1347 2953 Cingetorige
1393 2886 1564 2951 atque
1606 2875 1734 2950 ejus
1776 2876 2108 2951 propinquis
2147 2894 2270 2933 orae

270 2970 427 3026 tione
458 2967 834 3025 Indutiomari
864 2968 1114 3043 cognita,
1136 2984 1312 3041 quam
1340 2966 1399 3021 in
1428 2965 1676 3022 concilio
1705 2964 2004 3033 habuerat,
2027 2965 2272 3022 nuncios
2299 2972 2376 3027 30

272 3058 447 3115 mittit
492 3056 565 3113 ad
612 3057 887 3113 finitimas
937 3056 1217 3123 civitateS‚
1266 3056 1604 3129 equitesque
1655 3054 1908 3129 undique
1958 3064 2271 3111 convocat:

274 3148 349 3204 iis
378 3155 607 3203 certum
647 3145 803 3201 diem
848 3143 1227 3201 conveniendi
1272 3144 1432 3199 dicit.
1519 3141 1756 3199 Interim
1801 3160 1974 3218 prope
2019 3142 2275 3216 quotidie

272 3254 413 3293 cum
440 3236 595 3292 omni
624 3235 882 3310 equitatu
912 3232 1337 3302 Indutiomarus
1365 3233 1474 3289 sub
1515 3232 1720 3289 castris
1761 3232 1889 3305 ejus
1929 3232 2270 3309 vagabatur,

275 3326 422 3382 elias
468 3334 531 3381 ut
572 3325 747 3381 situm
788 3332 1109 3381 castrorum
1150 3330 1540 3397 cognosceret,
1586 3320 1731 3377 alitis
1768 3320 2129 3394 colloquendi
2171 3328 2274 3377 aut

272 3414 575 3470 territandi
604 3432 820 3470 causa:
864 3412 1089 3486 equites
1116 3410 1458 3486 plerumque
1485 3429 1684 3467 omnes
1710 3409 1828 3465 tela
1867 3410 2020 3466 intra
2048 3410 2272 3467 vallum
2295 3418 2374 3473 35

274 3503 682 3579 conjiciebant.
778 3501 1075 3560 Labienus
1130 3518 1263 3557 suos
1318 3500 1470 3557 intra
1525 3498 1872 3555 munitiones
1925 3498 2270 3567 continebat,

276 3592 611 3667 timorisque
638 3591 983 3667 opinionem,
1012 3590 1458 3665 quibuscunque
1488 3598 1704 3663 poterat
1734 3587 1924 3657 rebus,
1956 3588 2224 3663 augebat.

356 3679 579 3739 LVIII.
626 3680 831 3745 Quum
860 3679 1079 3753 majore
1112 3678 1171 3735 in
1214 3678 1337 3734 dies
1383 3678 1799 3753 contemptione
1843 3675 2272 3735 Indutiomarus

278 3770 351 3827 ad
378 3779 573 3827 castra
600 3767 924 3836 accederet,
954 3776 1123 3825 nocte
1151 3783 1285 3836 una,
1316 3765 1656 3823 intromissis
1695 3764 1988 3841 equiti-bus
2011 3765 2270 3824 omnium

1314 3858 1388 3912 10
