<?xml version="1.0" encoding="UTF-8"?>
<!DOCTYPE html PUBLIC "-//W3C//DTD XHTML 1.0 Transitional//EN"
    "http://www.w3.org/TR/xhtml1/DTD/xhtml1-transitional.dtd">
<html xmlns="http://www.w3.org/1999/xhtml" xml:lang="en" lang="en">
 <head>
  <title>
</title>
<meta http-equiv="Content-Type" content="text/html;charset=utf-8" />
  <meta name='ocr-system' content='tesseract 3.04.00' />
  <meta name='ocr-capabilities' content='ocr_page ocr_carea ocr_par ocr_line ocrx_word'/>
</head>
<body>
  <div class='ocr_page' id='page_1' title='image "./cjuliuscaesarsc01spengoog_0064.png"; bbox 0 0 2709 4300; ppageno 0'>
   <div class='ocr_carea' id='block_1_1' title="bbox 403 291 2480 350">
    <p class='ocr_par' dir='ltr' id='par_1_1' title="bbox 403 291 2480 350">
     <span class='ocr_line' id='line_1_1' title="bbox 403 291 2480 350; baseline -0.003 0"><span class='ocrx_word' id='word_1_1' title='bbox 403 291 488 350; x_wconf 71' lang='lat'><strong>³4</strong></span> <span class='ocrx_word' id='word_1_2' title='bbox 1107 299 1196 346; x_wconf 72' lang='lat' dir='ltr'><strong>nn</strong></span> <span class='ocrx_word' id='word_1_3' title='bbox 1230 299 1439 347; x_wconf 69' lang='lat' dir='ltr'><strong>senno</strong></span> <span class='ocrx_word' id='word_1_4' title='bbox 1474 297 1760 346; x_wconf 55' lang='lat' dir='ltr'><strong>cituco</strong></span> <span class='ocrx_word' id='word_1_5' title='bbox 2164 293 2301 350; x_wconf 72' lang='lat' dir='ltr'><strong>[cn.</strong></span> <span class='ocrx_word' id='word_1_6' title='bbox 2318 299 2480 350; x_wconf 61' lang='lat' dir='ltr'><strong>swa.</strong></span> 
     </span>
    </p>
   </div>
   <div class='ocr_carea' id='block_1_2' title="bbox 399 431 2508 3893">
    <p class='ocr_par' dir='ltr' id='par_1_2' title="bbox 399 431 2508 3893">
     <span class='ocr_line' id='line_1_2' title="bbox 505 431 2483 515; baseline -0.002 -19"><span class='ocrx_word' id='word_1_7' title='bbox 505 436 666 508; x_wconf 74' lang='lat' dir='ltr'><strong>ibrte,</strong></span> <span class='ocrx_word' id='word_1_8' title='bbox 695 457 798 515; x_wconf 86' lang='lat' dir='ltr'><strong>pro</strong></span> <span class='ocrx_word' id='word_1_9' title='bbox 823 455 932 495; x_wconf 86' lang='lat' dir='ltr'><strong>sua</strong></span> <span class='ocrx_word' id='word_1_10' title='bbox 957 437 1268 495; x_wconf 86' lang='lat' dir='ltr'><strong>clementia</strong></span> <span class='ocrx_word' id='word_1_11' title='bbox 1295 455 1367 494; x_wconf 86' lang='lat' dir='ltr'><strong>ac</strong></span> <span class='ocrx_word' id='word_1_12' title='bbox 1404 433 1863 503; x_wconf 70' lang='lat' dir='ltr'><strong>mansuetudine,</strong></span> <span class='ocrx_word' id='word_1_13' title='bbox 1890 449 2070 510; x_wconf 75' lang='lat' dir='ltr'><strong>quem</strong></span> <span class='ocrx_word' id='word_1_14' title='bbox 2096 431 2207 510; x_wconf 86' lang='lat' dir='ltr'><strong>ipsi</strong></span> <span class='ocrx_word' id='word_1_15' title='bbox 2246 435 2322 493; x_wconf 87' lang='lat' dir='ltr'><strong>ab</strong></span> <span class='ocrx_word' id='word_1_16' title='bbox 2348 434 2483 492; x_wconf 79' lang='lat' dir='ltr'><strong>aliis</strong></span> 
     </span>
     <span class='ocr_line' id='line_1_3' title="bbox 503 522 2485 596; baseline -0.002 -11"><span class='ocrx_word' id='word_1_17' title='bbox 503 528 785 596; x_wconf 87' lang='lat' dir='ltr'><strong>audirent,</strong></span> <span class='ocrx_word' id='word_1_18' title='bbox 803 527 1110 596; x_wconf 74' lang='lat' dir='ltr'><strong>statuisset,</strong></span> <span class='ocrx_word' id='word_1_19' title='bbox 1135 527 1475 584; x_wconf 75' lang='lat' dir='ltr'><strong>Aduatucos</strong></span> <span class='ocrx_word' id='word_1_20' title='bbox 1500 545 1627 583; x_wconf 85' lang='lat' dir='ltr'><strong>esse</strong></span> <span class='ocrx_word' id='word_1_21' title='bbox 1652 522 2091 593; x_wconf 77' lang='lat' dir='ltr'><strong>conservandos,</strong></span> <span class='ocrx_word' id='word_1_22' title='bbox 2112 541 2189 580; x_wconf 90' lang='lat' dir='ltr'><strong>ne</strong></span> <span class='ocrx_word' id='word_1_23' title='bbox 2208 543 2273 582; x_wconf 87' lang='lat' dir='ltr'><strong>se</strong></span> <span class='ocrx_word' id='word_1_24' title='bbox 2302 525 2485 582; x_wconf 81' lang='lat' dir='ltr'><strong>armis</strong></span> 
     </span>
     <span class='ocr_line' id='line_1_4' title="bbox 501 612 2483 693; baseline -0.002 -19"><span class='ocrx_word' id='word_1_25' title='bbox 501 616 878 693; x_wconf 74' lang='lat' dir='ltr'><strong>despoliarett</strong></span> <span class='ocrx_word' id='word_1_26' title='bbox 919 617 1030 673; x_wconf 86' lang='lat' dir='ltr'><strong>sibi</strong></span> <span class='ocrx_word' id='word_1_27' title='bbox 1055 633 1256 673; x_wconf 85' lang='lat' dir='ltr'><strong>omnes</strong></span> <span class='ocrx_word' id='word_1_28' title='bbox 1285 615 1411 674; x_wconf 87' lang='lat' dir='ltr'><strong>fere</strong></span> <span class='ocrx_word' id='word_1_29' title='bbox 1450 615 1721 672; x_wconf 85' lang='lat' dir='ltr'><strong>finitimos</strong></span> <span class='ocrx_word' id='word_1_30' title='bbox 1758 631 1887 670; x_wconf 68' lang='grc' dir='ltr'><strong>θεοῦ</strong></span> <span class='ocrx_word' id='word_1_31' title='bbox 1930 612 2195 670; x_wconf 81' lang='lat' dir='ltr'><strong>inimicos</strong></span> <span class='ocrx_word' id='word_1_32' title='bbox 2236 631 2307 671; x_wconf 78' lang='lat' dir='ltr'><strong>ac</strong></span> <span class='ocrx_word' id='word_1_33' title='bbox 2334 633 2483 670; x_wconf 80' lang='lat' dir='ltr'><strong>suae</strong></span> 
     </span>
     <span class='ocr_line' id='line_1_5' title="bbox 503 701 2481 781; baseline -0.001 -17"><span class='ocrx_word' id='word_1_34' title='bbox 503 707 701 764; x_wconf 78' lang='lat' dir='ltr'><strong>virtuti</strong></span> <span class='ocrx_word' id='word_1_35' title='bbox 729 706 1026 778; x_wconf 83' lang='lat' dir='ltr'><strong>invidere3</strong></span> <span class='ocrx_word' id='word_1_36' title='bbox 1073 723 1110 762; x_wconf 86' lang='lat' dir='ltr'><strong>a</strong></span> <span class='ocrx_word' id='word_1_37' title='bbox 1147 706 1359 781; x_wconf 84' lang='lat' dir='ltr'><strong>quibus</strong></span> <span class='ocrx_word' id='word_1_38' title='bbox 1399 723 1462 762; x_wconf 90' lang='lat' dir='ltr'><strong>se</strong></span> <span class='ocrx_word' id='word_1_39' title='bbox 1502 703 1829 773; x_wconf 77' lang='lat' dir='ltr'><strong>defendere,</strong></span> <span class='ocrx_word' id='word_1_40' title='bbox 1854 701 2079 762; x_wconf 79' lang='lat' dir='ltr'><strong>traditis</strong></span> <span class='ocrx_word' id='word_1_41' title='bbox 2124 705 2321 774; x_wconf 82' lang='lat' dir='ltr'><strong>amiis,</strong></span> <span class='ocrx_word' id='word_1_42' title='bbox 2360 721 2481 762; x_wconf 84' lang='lat' dir='ltr'><strong>non</strong></span> 
     </span>
     <span class='ocr_line' id='line_1_6' title="bbox 439 791 2481 872; baseline -0.001 -20"><span class='ocrx_word' id='word_1_43' title='bbox 439 803 478 859; x_wconf 71' lang='grc' dir='ltr'><strong>β</strong></span> <span class='ocrx_word' id='word_1_44' title='bbox 503 804 760 872; x_wconf 75' lang='lat' dir='ltr'><strong>possent:</strong></span> <span class='ocrx_word' id='word_1_45' title='bbox 801 795 912 852; x_wconf 85' lang='lat' dir='ltr'><strong>sibi</strong></span> <span class='ocrx_word' id='word_1_46' title='bbox 939 803 1247 871; x_wconf 77' lang='lat' dir='ltr'><strong>praestare,</strong></span> <span class='ocrx_word' id='word_1_47' title='bbox 1265 791 1316 851; x_wconf 82' lang='lat' dir='ltr'><strong>si</strong></span> <span class='ocrx_word' id='word_1_48' title='bbox 1343 794 1404 850; x_wconf 89' lang='lat' dir='ltr'><strong>in</strong></span> <span class='ocrx_word' id='word_1_49' title='bbox 1432 810 1569 850; x_wconf 88' lang='lat' dir='ltr'><strong>eum</strong></span> <span class='ocrx_word' id='word_1_50' title='bbox 1588 810 1793 850; x_wconf 87' lang='lat' dir='ltr'><strong>casum</strong></span> <span class='ocrx_word' id='word_1_51' title='bbox 1812 791 2255 862; x_wconf 79' lang='lat' dir='ltr'><strong>deducerentur,</strong></span> <span class='ocrx_word' id='word_1_52' title='bbox 2276 811 2481 868; x_wconf 86' lang='lat' dir='ltr'><strong>quam-</strong></span> 
     </span>
     <span class='ocr_line' id='line_1_7' title="bbox 503 880 2481 959; baseline -0.002 -17"><span class='ocrx_word' id='word_1_53' title='bbox 503 886 592 942; x_wconf 80' lang='lat' dir='ltr'><strong>vis</strong></span> <span class='ocrx_word' id='word_1_54' title='bbox 619 884 905 946; x_wconf 75' lang='lat' dir='ltr'><strong>fortunam</strong></span> <span class='ocrx_word' id='word_1_55' title='bbox 933 901 968 940; x_wconf 85' lang='lat' dir='ltr'><strong>a</strong></span> <span class='ocrx_word' id='word_1_56' title='bbox 997 883 1214 959; x_wconf 91' lang='lat' dir='ltr'><strong>Populo</strong></span> <span class='ocrx_word' id='word_1_57' title='bbox 1242 882 1503 938; x_wconf 86' lang='lat' dir='ltr'><strong>Romano</strong></span> <span class='ocrx_word' id='word_1_58' title='bbox 1532 882 1667 958; x_wconf 91' lang='lat' dir='ltr'><strong>pati,</strong></span> <span class='ocrx_word' id='word_1_59' title='bbox 1696 899 1875 956; x_wconf 89' lang='lat' dir='ltr'><strong>quam</strong></span> <span class='ocrx_word' id='word_1_60' title='bbox 1900 880 1975 938; x_wconf 85' lang='lat' dir='ltr'><strong>ab</strong></span> <span class='ocrx_word' id='word_1_61' title='bbox 2002 880 2092 938; x_wconf 87' lang='lat' dir='ltr'><strong>his</strong></span> <span class='ocrx_word' id='word_1_62' title='bbox 2118 899 2223 958; x_wconf 88' lang='lat' dir='ltr'><strong>per</strong></span> <span class='ocrx_word' id='word_1_63' title='bbox 2248 883 2481 940; x_wconf 84' lang='lat' dir='ltr'><strong>crucia-</strong></span> 
     </span>
     <span class='ocr_line' id='line_1_8' title="bbox 502 969 1995 1047; baseline -0.003 -16"><span class='ocrx_word' id='word_1_64' title='bbox 502 983 625 1031; x_wconf 87' lang='lat' dir='ltr'><strong>tum</strong></span> <span class='ocrx_word' id='word_1_65' title='bbox 653 973 920 1042; x_wconf 86' lang='lat' dir='ltr'><strong>interfici,</strong></span> <span class='ocrx_word' id='word_1_66' title='bbox 949 971 1098 1029; x_wconf 73' lang='lat' dir='ltr'><strong>inter</strong></span> <span class='ocrx_word' id='word_1_67' title='bbox 1121 988 1266 1047; x_wconf 87' lang='lat' dir='ltr'><strong>quos</strong></span> <span class='ocrx_word' id='word_1_68' title='bbox 1291 969 1573 1028; x_wconf 79' lang='lat' dir='ltr'><strong>dominari</strong></span> <span class='ocrx_word' id='word_1_69' title='bbox 1602 979 1995 1028; x_wconf 84' lang='lat' dir='ltr'><strong>consuessent.</strong></span> 
     </span>
     <span class='ocr_line' id='line_1_9' title="bbox 585 1051 2481 1134; baseline -0.001 -15"><span class='ocrx_word' id='word_1_70' title='bbox 585 1059 832 1120; x_wconf 84' lang='lat' dir='ltr'>XXXII.</span> <span class='ocrx_word' id='word_1_71' title='bbox 877 1059 972 1117; x_wconf 84' lang='lat' dir='ltr'><strong>Ad</strong></span> <span class='ocrx_word' id='word_1_72' title='bbox 1017 1060 1165 1118; x_wconf 83' lang='lat' dir='ltr'><strong>haec</strong></span> <span class='ocrx_word' id='word_1_73' title='bbox 1211 1058 1433 1116; x_wconf 86' lang='lat' dir='ltr'><strong>Caesar</strong></span> <span class='ocrx_word' id='word_1_74' title='bbox 1458 1051 1775 1134; x_wconf 72' lang='lat' dir='ltr'><strong>respondit:</strong></span> <span class='ocrx_word' id='word_1_75' title='bbox 1816 1057 1895 1116; x_wconf 85' lang='lat' dir='ltr'><strong>Se</strong></span> <span class='ocrx_word' id='word_1_76' title='bbox 1938 1059 2125 1134; x_wconf 81' lang='lat' dir='ltr'><strong>magis</strong></span> <span class='ocrx_word' id='word_1_77' title='bbox 2168 1069 2481 1118; x_wconf 87' lang='lat' dir='ltr'><strong>consuetu·</strong></span> 
     </span>
     <span class='ocr_line' id='line_1_10' title="bbox 501 1145 2483 1225; baseline 0 -17"><span class='ocrx_word' id='word_1_78' title='bbox 501 1149 634 1208; x_wconf 86' lang='lat' dir='ltr'><strong>dine</strong></span> <span class='ocrx_word' id='word_1_79' title='bbox 676 1169 804 1220; x_wconf 80' lang='lat' dir='ltr'><strong>sua,</strong></span> <span class='ocrx_word' id='word_1_80' title='bbox 831 1167 1008 1225; x_wconf 80' lang='lat' dir='ltr'><strong>quam</strong></span> <span class='ocrx_word' id='word_1_81' title='bbox 1048 1149 1250 1205; x_wconf 89' lang='lat' dir='ltr'><strong>merito</strong></span> <span class='ocrx_word' id='word_1_82' title='bbox 1287 1165 1508 1216; x_wconf 89' lang='lat' dir='ltr'><strong>eorum,</strong></span> <span class='ocrx_word' id='word_1_83' title='bbox 1554 1147 1849 1204; x_wconf 85' lang='lat' dir='ltr'><strong>civitatem</strong></span> <span class='ocrx_word' id='word_1_84' title='bbox 1890 1145 2385 1219; x_wconf 78' lang='lat' dir='ltr'><strong>conservaturum,</strong></span> <span class='ocrx_word' id='word_1_85' title='bbox 2428 1151 2483 1208; x_wconf 85' lang='lat' dir='ltr'><strong>si</strong></span> 
     </span>
     <span class='ocr_line' id='line_1_11' title="bbox 405 1235 2481 1317; baseline 0 -21"><span class='ocrx_word' id='word_1_86' title='bbox 405 1249 478 1306; x_wconf 83' lang='lat'><strong>10</strong></span> <span class='ocrx_word' id='word_1_87' title='bbox 505 1239 682 1317; x_wconf 85' lang='lat' dir='ltr'><strong>prius,</strong></span> <span class='ocrx_word' id='word_1_88' title='bbox 711 1257 889 1315; x_wconf 84' lang='lat' dir='ltr'><strong>quam</strong></span> <span class='ocrx_word' id='word_1_89' title='bbox 915 1255 1148 1295; x_wconf 87' lang='lat' dir='ltr'><strong>murum</strong></span> <span class='ocrx_word' id='word_1_90' title='bbox 1189 1238 1341 1294; x_wconf 84' lang='lat' dir='ltr'><strong>aries</strong></span> <span class='ocrx_word' id='word_1_91' title='bbox 1382 1236 1681 1312; x_wconf 76' lang='lat' dir='ltr'><strong>attigisset,</strong></span> <span class='ocrx_word' id='word_1_92' title='bbox 1722 1255 1787 1293; x_wconf 88' lang='lat' dir='ltr'><strong>se</strong></span> <span class='ocrx_word' id='word_1_93' title='bbox 1826 1235 2209 1310; x_wconf 84' lang='lat' dir='ltr'><strong>dedidissent3</strong></span> <span class='ocrx_word' id='word_1_94' title='bbox 2252 1239 2355 1296; x_wconf 87' lang='lat' dir='ltr'><strong>sed</strong></span> <span class='ocrx_word' id='word_1_95' title='bbox 2380 1239 2481 1297; x_wconf 83' lang='lat' dir='ltr'><strong>de·</strong></span> 
     </span>
     <span class='ocr_line' id='line_1_12' title="bbox 501 1325 2481 1400; baseline 0 -14"><span class='ocrx_word' id='word_1_96' title='bbox 501 1329 731 1387; x_wconf 80' lang='lat' dir='ltr'><strong>ditionis</strong></span> <span class='ocrx_word' id='word_1_97' title='bbox 757 1329 982 1386; x_wconf 81' lang='lat' dir='ltr'><strong>nullam</strong></span> <span class='ocrx_word' id='word_1_98' title='bbox 1023 1346 1150 1385; x_wconf 81' lang='lat' dir='ltr'><strong>esse</strong></span> <span class='ocrx_word' id='word_1_99' title='bbox 1191 1325 1595 1396; x_wconf 88' lang='lat' dir='ltr'><strong>conditionem,</strong></span> <span class='ocrx_word' id='word_1_100' title='bbox 1626 1327 1737 1384; x_wconf 84' lang='lat' dir='ltr'><strong>nisi</strong></span> <span class='ocrx_word' id='word_1_101' title='bbox 1780 1328 1959 1385; x_wconf 85' lang='lat' dir='ltr'><strong>armis</strong></span> <span class='ocrx_word' id='word_1_102' title='bbox 1996 1327 2251 1386; x_wconf 79' lang='lat' dir='ltr'><strong>traditis:</strong></span> <span class='ocrx_word' id='word_1_103' title='bbox 2294 1347 2357 1386; x_wconf 88' lang='lat' dir='ltr'><strong>se</strong></span> <span class='ocrx_word' id='word_1_104' title='bbox 2398 1329 2481 1400; x_wconf 89' lang='lat' dir='ltr'><strong>id,</strong></span> 
     </span>
     <span class='ocr_line' id='line_1_13' title="bbox 503 1414 2481 1494; baseline -0.001 -19"><span class='ocrx_word' id='word_1_105' title='bbox 503 1418 652 1494; x_wconf 91' lang='lat' dir='ltr'><strong>quod</strong></span> <span class='ocrx_word' id='word_1_106' title='bbox 679 1418 740 1474; x_wconf 86' lang='lat' dir='ltr'><strong>in</strong></span> <span class='ocrx_word' id='word_1_107' title='bbox 767 1417 1006 1476; x_wconf 85' lang='lat' dir='ltr'><strong>Nerviis</strong></span> <span class='ocrx_word' id='word_1_108' title='bbox 1033 1415 1281 1486; x_wconf 77' lang='lat' dir='ltr'><strong>fecisset,</strong></span> <span class='ocrx_word' id='word_1_109' title='bbox 1307 1414 1615 1486; x_wconf 80' lang='lat' dir='ltr'><strong>facturum,</strong></span> <span class='ocrx_word' id='word_1_110' title='bbox 1639 1416 2011 1492; x_wconf 82' lang='lat' dir='ltr'><strong>finitimisque</strong></span> <span class='ocrx_word' id='word_1_111' title='bbox 2036 1417 2481 1494; x_wconf 80' lang='lat' dir='ltr'><strong>imperaturum,</strong></span> 
     </span>
     <span class='ocr_line' id='line_1_14' title="bbox 501 1504 2479 1584; baseline 0.001 -20"><span class='ocrx_word' id='word_1_112' title='bbox 501 1525 578 1565; x_wconf 87' lang='lat' dir='ltr'><strong>ne</strong></span> <span class='ocrx_word' id='word_1_113' title='bbox 623 1525 800 1583; x_wconf 87' lang='lat' dir='ltr'><strong>quam</strong></span> <span class='ocrx_word' id='word_1_114' title='bbox 837 1505 1106 1564; x_wconf 84' lang='lat' dir='ltr'><strong>dedititiis</strong></span> <span class='ocrx_word' id='word_1_115' title='bbox 1153 1504 1356 1581; x_wconf 86' lang='lat' dir='ltr'><strong>Populi</strong></span> <span class='ocrx_word' id='word_1_116' title='bbox 1400 1504 1651 1562; x_wconf 83' lang='lat' dir='ltr'><strong>Romani</strong></span> <span class='ocrx_word' id='word_1_117' title='bbox 1690 1504 1964 1580; x_wconf 83' lang='lat' dir='ltr'><strong>injuriam</strong></span> <span class='ocrx_word' id='word_1_118' title='bbox 2004 1505 2303 1584; x_wconf 78' lang='lat' dir='ltr'><strong>inferrent.</strong></span> <span class='ocrx_word' id='word_1_119' title='bbox 2388 1507 2479 1566; x_wconf 88' lang='lat' dir='ltr'><strong>Re</strong></span> 
     </span>
     <span class='ocr_line' id='line_1_15' title="bbox 503 1593 2479 1672; baseline -0.001 -18"><span class='ocrx_word' id='word_1_120' title='bbox 503 1599 778 1656; x_wconf 84' lang='lat' dir='ltr'><strong>nunciata</strong></span> <span class='ocrx_word' id='word_1_121' title='bbox 807 1595 878 1653; x_wconf 81' lang='lat' dir='ltr'><strong>ad</strong></span> <span class='ocrx_word' id='word_1_122' title='bbox 905 1614 1056 1665; x_wconf 88' lang='lat' dir='ltr'><strong>suos,</strong></span> <span class='ocrx_word' id='word_1_123' title='bbox 1083 1613 1234 1670; x_wconf 88' lang='lat' dir='ltr'><strong>quae</strong></span> <span class='ocrx_word' id='word_1_124' title='bbox 1275 1595 1716 1672; x_wconf 72' lang='lat' dir='ltr'><strong>imperarentur,</strong></span> <span class='ocrx_word' id='word_1_125' title='bbox 1758 1593 1951 1652; x_wconf 79' lang='lat' dir='ltr'><strong>facere</strong></span> <span class='ocrx_word' id='word_1_126' title='bbox 1990 1593 2277 1652; x_wconf 86' lang='lat' dir='ltr'><strong>dixerunt.</strong></span> <span class='ocrx_word' id='word_1_127' title='bbox 2362 1597 2479 1654; x_wconf 87' lang='lat' dir='ltr'><strong>Ar-</strong></span> 
     </span>
     <span class='ocr_line' id='line_1_16' title="bbox 403 1683 2481 1763; baseline -0.001 -16"><span class='ocrx_word' id='word_1_128' title='bbox 403 1691 480 1747; x_wconf 80' lang='lat'><strong>15</strong></span> <span class='ocrx_word' id='word_1_129' title='bbox 503 1701 729 1744; x_wconf 85' lang='lat' dir='ltr'><strong>morum</strong></span> <span class='ocrx_word' id='word_1_130' title='bbox 776 1703 990 1763; x_wconf 83' lang='lat' dir='ltr'><strong>magna</strong></span> <span class='ocrx_word' id='word_1_131' title='bbox 1031 1683 1396 1744; x_wconf 88' lang='lat' dir='ltr'><strong>multitudine</strong></span> <span class='ocrx_word' id='word_1_132' title='bbox 1442 1684 1515 1743; x_wconf 90' lang='lat' dir='ltr'><strong>de</strong></span> <span class='ocrx_word' id='word_1_133' title='bbox 1562 1702 1729 1742; x_wconf 87' lang='lat' dir='ltr'><strong>muro</strong></span> <span class='ocrx_word' id='word_1_134' title='bbox 1774 1685 1835 1741; x_wconf 87' lang='lat' dir='ltr'><strong>in</strong></span> <span class='ocrx_word' id='word_1_135' title='bbox 1885 1683 2113 1754; x_wconf 81' lang='lat' dir='ltr'><strong>fossam,</strong></span> <span class='ocrx_word' id='word_1_136' title='bbox 2154 1703 2305 1761; x_wconf 85' lang='lat' dir='ltr'><strong>quae</strong></span> <span class='ocrx_word' id='word_1_137' title='bbox 2352 1697 2481 1744; x_wconf 84' lang='lat' dir='ltr'><strong>erat</strong></span> 
     </span>
     <span class='ocr_line' id='line_1_17' title="bbox 504 1775 2480 1852; baseline 0 -18"><span class='ocrx_word' id='word_1_138' title='bbox 504 1786 636 1834; x_wconf 86' lang='lat' dir='ltr'><strong>ante</strong></span> <span class='ocrx_word' id='word_1_139' title='bbox 663 1775 950 1852; x_wconf 87' lang='lat' dir='ltr'><strong>oppidum,</strong></span> <span class='ocrx_word' id='word_1_140' title='bbox 987 1775 1166 1850; x_wconf 88' lang='lat' dir='ltr'><strong>jacta,</strong></span> <span class='ocrx_word' id='word_1_141' title='bbox 1195 1775 1282 1832; x_wconf 90' lang='lat' dir='ltr'><strong>sic</strong></span> <span class='ocrx_word' id='word_1_142' title='bbox 1310 1785 1375 1832; x_wconf 84' lang='lat' dir='ltr'><strong>ut</strong></span> <span class='ocrx_word' id='word_1_143' title='bbox 1400 1791 1573 1852; x_wconf 80' lang='lat' dir='ltr'><strong>prope</strong></span> <span class='ocrx_word' id='word_1_144' title='bbox 1614 1791 1901 1832; x_wconf 88' lang='lat' dir='ltr'><strong>summam</strong></span> <span class='ocrx_word' id='word_1_145' title='bbox 1940 1775 2095 1832; x_wconf 85' lang='lat' dir='ltr'><strong>muri</strong></span> <span class='ocrx_word' id='word_1_146' title='bbox 2132 1777 2480 1852; x_wconf 79' lang='lat' dir='ltr'><strong>aggeri-sque</strong></span> 
     </span>
     <span class='ocr_line' id='line_1_18' title="bbox 505 1863 2483 1938; baseline 0 -16"><span class='ocrx_word' id='word_1_147' title='bbox 505 1865 864 1922; x_wconf 72' lang='lat' dir='ltr'><strong>altitudinem</strong></span> <span class='ocrx_word' id='word_1_148' title='bbox 893 1864 1090 1922; x_wconf 81' lang='lat' dir='ltr'><strong>acervi</strong></span> <span class='ocrx_word' id='word_1_149' title='bbox 1119 1881 1412 1921; x_wconf 86' lang='lat' dir='ltr'><strong>armorum</strong></span> <span class='ocrx_word' id='word_1_150' title='bbox 1452 1863 1886 1938; x_wconf 82' lang='lat' dir='ltr'><strong>adaequarent3</strong></span> <span class='ocrx_word' id='word_1_151' title='bbox 1928 1871 1987 1921; x_wconf 89' lang='lat' dir='ltr'><strong>et</strong></span> <span class='ocrx_word' id='word_1_152' title='bbox 2024 1871 2219 1921; x_wconf 81' lang='lat' dir='ltr'><strong>tamen</strong></span> <span class='ocrx_word' id='word_1_153' title='bbox 2244 1865 2483 1923; x_wconf 78' lang='lat' dir='ltr'><strong>circiter</strong></span> 
     </span>
     <span class='ocr_line' id='line_1_19' title="bbox 507 1952 2482 2031; baseline 0.002 -22"><span class='ocrx_word' id='word_1_154' title='bbox 507 1962 667 2029; x_wconf 79' lang='lat' dir='ltr'><strong>perte</strong></span> <span class='ocrx_word' id='word_1_155' title='bbox 695 1953 882 2021; x_wconf 79' lang='lat' dir='ltr'><strong>tertie,</strong></span> <span class='ocrx_word' id='word_1_156' title='bbox 913 1961 976 2010; x_wconf 90' lang='lat' dir='ltr'><strong>ut</strong></span> <span class='ocrx_word' id='word_1_157' title='bbox 1003 1962 1198 2028; x_wconf 87' lang='lat' dir='ltr'><strong>postea</strong></span> <span class='ocrx_word' id='word_1_158' title='bbox 1223 1961 1593 2029; x_wconf 86' lang='lat' dir='ltr'><strong>perspectum</strong></span> <span class='ocrx_word' id='word_1_159' title='bbox 1620 1961 1725 2022; x_wconf 90' lang='lat' dir='ltr'><strong>est,</strong></span> <span class='ocrx_word' id='word_1_160' title='bbox 1754 1952 1945 2010; x_wconf 83' lang='lat' dir='ltr'><strong>celata</strong></span> <span class='ocrx_word' id='word_1_161' title='bbox 1970 1961 2145 2028; x_wconf 85' lang='lat' dir='ltr'><strong>atque</strong></span> <span class='ocrx_word' id='word_1_162' title='bbox 2172 1953 2233 2010; x_wconf 87' lang='lat' dir='ltr'><strong>in</strong></span> <span class='ocrx_word' id='word_1_163' title='bbox 2274 1953 2482 2031; x_wconf 91' lang='lat' dir='ltr'><strong>oppido</strong></span> 
     </span>
     <span class='ocr_line' id='line_1_20' title="bbox 505 2041 1981 2119; baseline -0.001 -19"><span class='ocrx_word' id='word_1_164' title='bbox 505 2045 744 2111; x_wconf 65' lang='lat' dir='ltr'><strong>retenta,</strong></span> <span class='ocrx_word' id='word_1_165' title='bbox 767 2042 943 2118; x_wconf 85' lang='lat' dir='ltr'><strong>portis</strong></span> <span class='ocrx_word' id='word_1_166' title='bbox 969 2041 1286 2118; x_wconf 80' lang='lat' dir='ltr'><strong>patefactis,</strong></span> <span class='ocrx_word' id='word_1_167' title='bbox 1317 2061 1387 2100; x_wconf 89' lang='lat' dir='ltr'><strong>eo</strong></span> <span class='ocrx_word' id='word_1_168' title='bbox 1412 2042 1507 2100; x_wconf 91' lang='lat' dir='ltr'><strong>die</strong></span> <span class='ocrx_word' id='word_1_169' title='bbox 1536 2049 1680 2119; x_wconf 79' lang='lat' dir='ltr'><strong>pace</strong></span> <span class='ocrx_word' id='word_1_170' title='bbox 1708 2052 1843 2101; x_wconf 88' lang='lat' dir='ltr'><strong>sunt</strong></span> <span class='ocrx_word' id='word_1_171' title='bbox 1868 2043 1981 2102; x_wconf 89' lang='lat' dir='ltr'><strong>usi.</strong></span> 
     </span>
     <span class='ocr_line' id='line_1_21' title="bbox 399 2128 2481 2211; baseline 0 -20"><span class='ocrx_word' id='word_1_172' title='bbox 399 2135 498 2193; x_wconf 78' lang='lat'><strong>2⁰-</strong></span> <span class='ocrx_word' id='word_1_173' title='bbox 587 2128 864 2190; x_wconf 80' lang='lat' dir='ltr'>XXXIII.</span> <span class='ocrx_word' id='word_1_174' title='bbox 905 2131 1031 2189; x_wconf 83' lang='lat' dir='ltr'><strong>Sub</strong></span> <span class='ocrx_word' id='word_1_175' title='bbox 1073 2148 1381 2208; x_wconf 88' lang='lat' dir='ltr'><strong>vesperum</strong></span> <span class='ocrx_word' id='word_1_176' title='bbox 1428 2131 1650 2190; x_wconf 85' lang='lat' dir='ltr'><strong>Caesar</strong></span> <span class='ocrx_word' id='word_1_177' title='bbox 1690 2142 1883 2209; x_wconf 89' lang='lat' dir='ltr'><strong>portas</strong></span> <span class='ocrx_word' id='word_1_178' title='bbox 1918 2131 2113 2192; x_wconf 86' lang='lat' dir='ltr'><strong>claudi</strong></span> <span class='ocrx_word' id='word_1_179' title='bbox 2154 2132 2481 2211; x_wconf 81' lang='lat' dir='ltr'><strong>militesque</strong></span> 
     </span>
     <span class='ocr_line' id='line_1_22' title="bbox 503 2220 2508 2299; baseline 0.001 -19"><span class='ocrx_word' id='word_1_180' title='bbox 503 2241 578 2281; x_wconf 88' lang='lat' dir='ltr'><strong>ex</strong></span> <span class='ocrx_word' id='word_1_181' title='bbox 603 2220 806 2298; x_wconf 88' lang='lat' dir='ltr'><strong>oppido</strong></span> <span class='ocrx_word' id='word_1_182' title='bbox 833 2222 994 2279; x_wconf 86' lang='lat' dir='ltr'><strong>exire</strong></span> <span class='ocrx_word' id='word_1_183' title='bbox 1015 2221 1205 2297; x_wconf 82' lang='lat' dir='ltr'><strong>jussit,</strong></span> <span class='ocrx_word' id='word_1_184' title='bbox 1247 2240 1322 2279; x_wconf 90' lang='lat' dir='ltr'><strong>ne</strong></span> <span class='ocrx_word' id='word_1_185' title='bbox 1364 2240 1543 2297; x_wconf 88' lang='lat' dir='ltr'><strong>quam</strong></span> <span class='ocrx_word' id='word_1_186' title='bbox 1582 2230 1757 2279; x_wconf 87' lang='lat' dir='ltr'><strong>noctu</strong></span> <span class='ocrx_word' id='word_1_187' title='bbox 1796 2222 2063 2299; x_wconf 87' lang='lat' dir='ltr'><strong>oppidani</strong></span> <span class='ocrx_word' id='word_1_188' title='bbox 2090 2224 2164 2281; x_wconf 81' lang='lat' dir='ltr'><strong>ab</strong></span> <span class='ocrx_word' id='word_1_189' title='bbox 2205 2224 2508 2291; x_wconf 61' lang='lat' dir='ltr'><strong>militibus⁸</strong></span> 
     </span>
     <span class='ocr_line' id='line_1_23' title="bbox 505 2310 2481 2388; baseline 0.001 -19"><span class='ocrx_word' id='word_1_190' title='bbox 505 2311 780 2388; x_wconf 87' lang='lat' dir='ltr'><strong>injuriam</strong></span> <span class='ocrx_word' id='word_1_191' title='bbox 835 2312 1184 2387; x_wconf 81' lang='lat' dir='ltr'><strong>acciperent.</strong></span> <span class='ocrx_word' id='word_1_192' title='bbox 1267 2310 1381 2382; x_wconf 91' lang='lat' dir='ltr'><strong>Illi,</strong></span> <span class='ocrx_word' id='word_1_193' title='bbox 1440 2320 1572 2369; x_wconf 80' lang='lat' dir='ltr'><strong>ante</strong></span> <span class='ocrx_word' id='word_1_194' title='bbox 1626 2312 1787 2385; x_wconf 82' lang='lat' dir='ltr'><strong>inite,</strong></span> <span class='ocrx_word' id='word_1_195' title='bbox 1854 2322 1919 2370; x_wconf 92' lang='lat' dir='ltr'><strong>ut</strong></span> <span class='ocrx_word' id='word_1_196' title='bbox 1966 2312 2321 2371; x_wconf 87' lang='lat' dir='ltr'><strong>intellectum</strong></span> <span class='ocrx_word' id='word_1_197' title='bbox 2376 2324 2481 2383; x_wconf 88' lang='lat' dir='ltr'><strong>est,</strong></span> 
     </span>
     <span class='ocr_line' id='line_1_24' title="bbox 503 2399 2479 2476; baseline -0.001 -17"><span class='ocrx_word' id='word_1_198' title='bbox 503 2400 760 2469; x_wconf 89' lang='lat' dir='ltr'><strong>consili0,</strong></span> <span class='ocrx_word' id='word_1_199' title='bbox 789 2400 960 2475; x_wconf 87' lang='lat' dir='ltr'><strong>quod,</strong></span> <span class='ocrx_word' id='word_1_200' title='bbox 989 2399 1272 2457; x_wconf 89' lang='lat' dir='ltr'><strong>deditione</strong></span> <span class='ocrx_word' id='word_1_201' title='bbox 1315 2399 1489 2470; x_wconf 85' lang='lat' dir='ltr'><strong>facta,</strong></span> <span class='ocrx_word' id='word_1_202' title='bbox 1534 2409 1752 2457; x_wconf 87' lang='lat' dir='ltr'><strong>nostros</strong></span> <span class='ocrx_word' id='word_1_203' title='bbox 1792 2400 2075 2476; x_wconf 85' lang='lat' dir='ltr'><strong>praesidia</strong></span> <span class='ocrx_word' id='word_1_204' title='bbox 2114 2400 2479 2473; x_wconf 85' lang='lat' dir='ltr'><strong>deducturos,</strong></span> 
     </span>
     <span class='ocr_line' id='line_1_25' title="bbox 505 2488 2481 2565; baseline 0 -18"><span class='ocrx_word' id='word_1_205' title='bbox 505 2499 606 2547; x_wconf 82' lang='lat' dir='ltr'><strong>aut</strong></span> <span class='ocrx_word' id='word_1_206' title='bbox 631 2489 880 2565; x_wconf 88' lang='lat' dir='ltr'><strong>denique</strong></span> <span class='ocrx_word' id='word_1_207' title='bbox 907 2488 1302 2565; x_wconf 85' lang='lat' dir='ltr'><strong>indiligentius</strong></span> <span class='ocrx_word' id='word_1_208' title='bbox 1327 2498 1658 2545; x_wconf 79' lang='lat' dir='ltr'><strong>servaturos</strong></span> <span class='ocrx_word' id='word_1_209' title='bbox 1698 2488 2077 2560; x_wconf 83' lang='lat' dir='ltr'><strong>crediderant,</strong></span> <span class='ocrx_word' id='word_1_210' title='bbox 2106 2491 2315 2565; x_wconf 80' lang='lat' dir='ltr'><strong>partim</strong></span> <span class='ocrx_word' id='word_1_211' title='bbox 2344 2510 2481 2549; x_wconf 89' lang='lat' dir='ltr'><strong>cum</strong></span> 
     </span>
     <span class='ocr_line' id='line_1_26' title="bbox 401 2576 2481 2654; baseline 0 -17"><span class='ocrx_word' id='word_1_212' title='bbox 401 2580 480 2637; x_wconf 79' lang='lat'><strong>25</strong></span> <span class='ocrx_word' id='word_1_213' title='bbox 505 2578 612 2649; x_wconf 85' lang='lat' dir='ltr'><strong>his,</strong></span> <span class='ocrx_word' id='word_1_214' title='bbox 641 2596 792 2654; x_wconf 83' lang='lat' dir='ltr'><strong>quae</strong></span> <span class='ocrx_word' id='word_1_215' title='bbox 833 2577 1188 2635; x_wconf 84' lang='lat' dir='ltr'><strong>retinuerant</strong></span> <span class='ocrx_word' id='word_1_216' title='bbox 1229 2585 1282 2634; x_wconf 87' lang='lat' dir='ltr'><strong>et</strong></span> <span class='ocrx_word' id='word_1_217' title='bbox 1321 2576 1675 2647; x_wconf 83' lang='lat' dir='ltr'><strong>celaverant,</strong></span> <span class='ocrx_word' id='word_1_218' title='bbox 1704 2578 1897 2648; x_wconf 82' lang='lat' dir='ltr'><strong>armis,</strong></span> <span class='ocrx_word' id='word_1_219' title='bbox 1940 2578 2148 2653; x_wconf 86' lang='lat' dir='ltr'><strong>partim</strong></span> <span class='ocrx_word' id='word_1_220' title='bbox 2184 2579 2365 2637; x_wconf 87' lang='lat' dir='ltr'><strong>scutis</strong></span> <span class='ocrx_word' id='word_1_221' title='bbox 2408 2598 2481 2637; x_wconf 84' lang='lat' dir='ltr'><strong>ex</strong></span> 
     </span>
     <span class='ocr_line' id='line_1_27' title="bbox 492 2666 2484 2747; baseline 0.001 -21"><span class='ocrx_word' id='word_1_222' title='bbox 492 2668 718 2726; x_wconf 81' lang='lat' dir='ltr'><strong>&#39;cortice</strong></span> <span class='ocrx_word' id='word_1_223' title='bbox 746 2666 930 2738; x_wconf 80' lang='lat' dir='ltr'><strong>factis,</strong></span> <span class='ocrx_word' id='word_1_224' title='bbox 953 2676 1054 2747; x_wconf 80' lang='lat' dir='ltr'><strong>aut</strong></span> <span class='ocrx_word' id='word_1_225' title='bbox 1081 2666 1393 2725; x_wconf 84' lang='lat' dir='ltr'><strong>viminibus</strong></span> <span class='ocrx_word' id='word_1_226' title='bbox 1422 2667 1671 2739; x_wconf 76' lang='lat' dir='ltr'><strong>intextiS,</strong></span> <span class='ocrx_word' id='word_1_227' title='bbox 1710 2686 1860 2742; x_wconf 86' lang='lat' dir='ltr'><strong>quae</strong></span> <span class='ocrx_word' id='word_1_228' title='bbox 1888 2668 2091 2739; x_wconf 89' lang='lat' dir='ltr'><strong>subito,</strong></span> <span class='ocrx_word' id='word_1_229' title='bbox 2120 2678 2185 2726; x_wconf 91' lang='lat' dir='ltr'><strong>ut</strong></span> <span class='ocrx_word' id='word_1_230' title='bbox 2210 2670 2484 2745; x_wconf 87' lang='lat' dir='ltr'><strong>temporis</strong></span> 
     </span>
     <span class='ocr_line' id='line_1_28' title="bbox 503 2756 2484 2835; baseline 0.001 -19"><span class='ocrx_word' id='word_1_231' title='bbox 503 2759 790 2834; x_wconf 80' lang='lat' dir='ltr'><strong>exiguitas</strong></span> <span class='ocrx_word' id='word_1_232' title='bbox 833 2757 1169 2834; x_wconf 77' lang='lat' dir='ltr'><strong>postulabat,</strong></span> <span class='ocrx_word' id='word_1_233' title='bbox 1216 2757 1465 2834; x_wconf 88' lang='lat' dir='ltr'><strong>pellibus</strong></span> <span class='ocrx_word' id='word_1_234' title='bbox 1500 2756 1865 2827; x_wconf 81' lang='lat' dir='ltr'><strong>induxerant,</strong></span> <span class='ocrx_word' id='word_1_235' title='bbox 1894 2758 2062 2815; x_wconf 88' lang='lat' dir='ltr'><strong>tertia</strong></span> <span class='ocrx_word' id='word_1_236' title='bbox 2102 2758 2321 2833; x_wconf 84' lang='lat' dir='ltr'><strong>vigilia,</strong></span> <span class='ocrx_word' id='word_1_237' title='bbox 2366 2778 2484 2835; x_wconf 79' lang='lat' dir='ltr'><strong>qua</strong></span> 
     </span>
     <span class='ocr_line' id='line_1_29' title="bbox 505 2846 2479 2919; baseline 0.001 -17"><span class='ocrx_word' id='word_1_238' title='bbox 505 2847 741 2904; x_wconf 88' lang='lat' dir='ltr'><strong>minime</strong></span> <span class='ocrx_word' id='word_1_239' title='bbox 789 2846 1006 2904; x_wconf 82' lang='lat' dir='ltr'><strong>arduus</strong></span> <span class='ocrx_word' id='word_1_240' title='bbox 1054 2846 1126 2903; x_wconf 85' lang='lat' dir='ltr'><strong>ad</strong></span> <span class='ocrx_word' id='word_1_241' title='bbox 1171 2856 1397 2903; x_wconf 83' lang='lat' dir='ltr'><strong>nostras</strong></span> <span class='ocrx_word' id='word_1_242' title='bbox 1442 2846 1787 2903; x_wconf 83' lang='lat' dir='ltr'><strong>munitiones</strong></span> <span class='ocrx_word' id='word_1_243' title='bbox 1836 2864 2112 2904; x_wconf 87' lang='lat' dir='ltr'><strong>ascensus</strong></span> <span class='ocrx_word' id='word_1_244' title='bbox 2158 2846 2479 2919; x_wconf 83' lang='lat' dir='ltr'><strong>videbatur,</strong></span> 
     </span>
     <span class='ocr_line' id='line_1_30' title="bbox 503 2934 2480 3011; baseline 0.002 -19"><span class='ocrx_word' id='word_1_245' title='bbox 503 2936 769 2993; x_wconf 86' lang='lat' dir='ltr'><strong>omnibus</strong></span> <span class='ocrx_word' id='word_1_246' title='bbox 795 2936 975 3010; x_wconf 88' lang='lat' dir='ltr'><strong>copiis</strong></span> <span class='ocrx_word' id='word_1_247' title='bbox 991 2937 1234 3010; x_wconf 84' lang='lat' dir='ltr'><strong>&#39;repente</strong></span> <span class='ocrx_word' id='word_1_248' title='bbox 1261 2954 1336 2993; x_wconf 80' lang='lat' dir='ltr'><strong>ex</strong></span> <span class='ocrx_word' id='word_1_249' title='bbox 1364 2936 1567 3011; x_wconf 88' lang='lat' dir='ltr'><strong>oppido</strong></span> <span class='ocrx_word' id='word_1_250' title='bbox 1606 2935 1963 3011; x_wconf 88' lang='lat' dir='ltr'><strong>eruptionem</strong></span> <span class='ocrx_word' id='word_1_251' title='bbox 2007 2934 2291 2993; x_wconf 87' lang='lat' dir='ltr'><strong>fecerunt.</strong></span> <span class='ocrx_word' id='word_1_252' title='bbox 2372 2937 2480 2995; x_wconf 87' lang='lat' dir='ltr'><strong>Ce-</strong></span> 
     </span>
     <span class='ocr_line' id='line_1_31' title="bbox 403 3022 2479 3101; baseline 0.002 -20"><span class='ocrx_word' id='word_1_253' title='bbox 403 3026 480 3083; x_wconf 77' lang='lat'><strong>80</strong></span> <span class='ocrx_word' id='word_1_254' title='bbox 504 3022 720 3093; x_wconf 87' lang='lat' dir='ltr'><strong>leriter,</strong></span> <span class='ocrx_word' id='word_1_255' title='bbox 749 3031 814 3079; x_wconf 90' lang='lat' dir='ltr'><strong>ut</strong></span> <span class='ocrx_word' id='word_1_256' title='bbox 841 3032 972 3080; x_wconf 85' lang='lat' dir='ltr'><strong>ante</strong></span> <span class='ocrx_word' id='word_1_257' title='bbox 997 3022 1216 3079; x_wconf 85' lang='lat' dir='ltr'><strong>Caesar</strong></span> <span class='ocrx_word' id='word_1_258' title='bbox 1242 3024 1572 3099; x_wconf 79' lang='lat' dir='ltr'><strong>imperarat,</strong></span> <span class='ocrx_word' id='word_1_259' title='bbox 1602 3024 1833 3100; x_wconf 87' lang='lat' dir='ltr'><strong>ignibus</strong></span> <span class='ocrx_word' id='word_1_260' title='bbox 1860 3024 2277 3101; x_wconf 82' lang='lat' dir='ltr'><strong>significatione</strong></span> <span class='ocrx_word' id='word_1_261' title='bbox 2307 3024 2479 3096; x_wconf 81' lang='lat' dir='ltr'><strong>facta,</strong></span> 
     </span>
     <span class='ocr_line' id='line_1_32' title="bbox 503 3109 2483 3189; baseline 0.001 -20"><span class='ocrx_word' id='word_1_262' title='bbox 503 3130 578 3169; x_wconf 83' lang='lat' dir='ltr'><strong>ex</strong></span> <span class='ocrx_word' id='word_1_263' title='bbox 625 3111 900 3188; x_wconf 76' lang='lat' dir='ltr'><strong>proximis</strong></span> <span class='ocrx_word' id='word_1_264' title='bbox 945 3109 1200 3168; x_wconf 83' lang='lat' dir='ltr'><strong>castellis</strong></span> <span class='ocrx_word' id='word_1_265' title='bbox 1247 3129 1318 3168; x_wconf 87' lang='lat' dir='ltr'><strong>eo</strong></span> <span class='ocrx_word' id='word_1_266' title='bbox 1365 3130 1713 3170; x_wconf 88' lang='lat' dir='ltr'><strong>concursum</strong></span> <span class='ocrx_word' id='word_1_267' title='bbox 1768 3122 1872 3182; x_wconf 89' lang='lat' dir='ltr'><strong>est,</strong></span> <span class='ocrx_word' id='word_1_268' title='bbox 1919 3123 2353 3189; x_wconf 84' lang='lat' dir='ltr'><strong>pugnatumque</strong></span> <span class='ocrx_word' id='word_1_269' title='bbox 2408 3116 2483 3171; x_wconf 84' lang='lat' dir='ltr'><strong>ab</strong></span> 
     </span>
     <span class='ocr_line' id='line_1_33' title="bbox 504 3198 2481 3279; baseline 0.002 -21"><span class='ocrx_word' id='word_1_270' title='bbox 504 3200 759 3258; x_wconf 88' lang='lat' dir='ltr'><strong>hostibus</strong></span> <span class='ocrx_word' id='word_1_271' title='bbox 785 3201 866 3258; x_wconf 83' lang='lat' dir='ltr'><strong>ita</strong></span> <span class='ocrx_word' id='word_1_272' title='bbox 893 3200 1123 3269; x_wconf 86' lang='lat' dir='ltr'><strong>acriter,</strong></span> <span class='ocrx_word' id='word_1_273' title='bbox 1153 3208 1216 3257; x_wconf 88' lang='lat' dir='ltr'><strong>ut</strong></span> <span class='ocrx_word' id='word_1_274' title='bbox 1244 3219 1280 3256; x_wconf 89' lang='lat' dir='ltr'><strong>a</strong></span> <span class='ocrx_word' id='word_1_275' title='bbox 1307 3199 1447 3257; x_wconf 86' lang='lat' dir='ltr'><strong>viris</strong></span> <span class='ocrx_word' id='word_1_276' title='bbox 1476 3198 1733 3271; x_wconf 82' lang='lat' dir='ltr'><strong>sortibus,</strong></span> <span class='ocrx_word' id='word_1_277' title='bbox 1762 3202 1823 3259; x_wconf 89' lang='lat' dir='ltr'><strong>in</strong></span> <span class='ocrx_word' id='word_1_278' title='bbox 1850 3212 2111 3259; x_wconf 86' lang='lat' dir='ltr'><strong>extrema</strong></span> <span class='ocrx_word' id='word_1_279' title='bbox 2131 3222 2231 3279; x_wconf 89' lang='lat' dir='ltr'><strong>spe</strong></span> <span class='ocrx_word' id='word_1_280' title='bbox 2258 3202 2481 3274; x_wconf 77' lang='lat' dir='ltr'><strong>salutiS,</strong></span> 
     </span>
     <span class='ocr_line' id='line_1_34' title="bbox 504 3289 2479 3367; baseline 0.003 -22"><span class='ocrx_word' id='word_1_281' title='bbox 504 3290 702 3364; x_wconf 85' lang='lat' dir='ltr'><strong>iniquo</strong></span> <span class='ocrx_word' id='word_1_282' title='bbox 727 3289 872 3359; x_wconf 82' lang='lat' dir='ltr'><strong>loce,</strong></span> <span class='ocrx_word' id='word_1_283' title='bbox 901 3298 1102 3348; x_wconf 86' lang='lat' dir='ltr'><strong>contra</strong></span> <span class='ocrx_word' id='word_1_284' title='bbox 1129 3308 1244 3358; x_wconf 87' lang='lat' dir='ltr'><strong>eos,</strong></span> <span class='ocrx_word' id='word_1_285' title='bbox 1263 3289 1367 3364; x_wconf 89' lang='lat' dir='ltr'><strong>qui</strong></span> <span class='ocrx_word' id='word_1_286' title='bbox 1394 3308 1467 3347; x_wconf 87' lang='lat' dir='ltr'><strong>ex</strong></span> <span class='ocrx_word' id='word_1_287' title='bbox 1488 3290 1643 3347; x_wconf 84' lang='lat' dir='ltr'><strong>vallo</strong></span> <span class='ocrx_word' id='word_1_288' title='bbox 1670 3291 2041 3367; x_wconf 87' lang='lat' dir='ltr'><strong>turribusque</strong></span> <span class='ocrx_word' id='word_1_289' title='bbox 2058 3292 2176 3350; x_wconf 84' lang='lat' dir='ltr'><strong>tela</strong></span> <span class='ocrx_word' id='word_1_290' title='bbox 2197 3292 2479 3367; x_wconf 85' lang='lat' dir='ltr'><strong>jacerent,</strong></span> 
     </span>
     <span class='ocr_line' id='line_1_35' title="bbox 505 3378 2479 3456; baseline 0.003 -22"><span class='ocrx_word' id='word_1_291' title='bbox 505 3380 750 3453; x_wconf 83' lang='lat' dir='ltr'><strong>pugnari</strong></span> <span class='ocrx_word' id='word_1_292' title='bbox 775 3378 992 3447; x_wconf 91' lang='lat' dir='ltr'><strong>debuit,</strong></span> <span class='ocrx_word' id='word_1_293' title='bbox 1021 3386 1204 3454; x_wconf 87' lang='lat' dir='ltr'><strong>quum</strong></span> <span class='ocrx_word' id='word_1_294' title='bbox 1230 3380 1292 3435; x_wconf 90' lang='lat' dir='ltr'><strong>in</strong></span> <span class='ocrx_word' id='word_1_295' title='bbox 1320 3395 1439 3435; x_wconf 89' lang='lat' dir='ltr'><strong>una</strong></span> <span class='ocrx_word' id='word_1_296' title='bbox 1466 3379 1678 3437; x_wconf 85' lang='lat' dir='ltr'><strong>virtute</strong></span> <span class='ocrx_word' id='word_1_297' title='bbox 1705 3380 1893 3437; x_wconf 86' lang='lat' dir='ltr'><strong>omnis</strong></span> <span class='ocrx_word' id='word_1_298' title='bbox 1930 3400 2062 3456; x_wconf 87' lang='lat' dir='ltr'><strong>spes</strong></span> <span class='ocrx_word' id='word_1_299' title='bbox 2102 3381 2307 3438; x_wconf 87' lang='lat' dir='ltr'><strong>salutis</strong></span> <span class='ocrx_word' id='word_1_300' title='bbox 2346 3400 2479 3439; x_wconf 87' lang='lat' dir='ltr'><strong>con-</strong></span> 
     </span>
     <span class='ocr_line' id='line_1_36' title="bbox 403 3466 2481 3546; baseline 0.003 -23"><span class='ocrx_word' id='word_1_301' title='bbox 403 3467 481 3523; x_wconf 72' lang='lat'><strong>35</strong></span> <span class='ocrx_word' id='word_1_302' title='bbox 505 3466 750 3523; x_wconf 86' lang='lat' dir='ltr'><strong>sisteret.</strong></span> <span class='ocrx_word' id='word_1_303' title='bbox 780 3483 788 3491; x_wconf 87' lang='lat'>·</span> <span class='ocrx_word' id='word_1_304' title='bbox 845 3467 1074 3527; x_wconf 85' lang='lat' dir='ltr'><strong>Occisis</strong></span> <span class='ocrx_word' id='word_1_305' title='bbox 1115 3469 1186 3525; x_wconf 85' lang='lat' dir='ltr'><strong>ad</strong></span> <span class='ocrx_word' id='word_1_306' title='bbox 1227 3470 1523 3526; x_wconf 85' lang='lat' dir='ltr'><strong>hominum</strong></span> <span class='ocrx_word' id='word_1_307' title='bbox 1564 3469 1822 3527; x_wconf 85' lang='lat' dir='ltr'><strong>millibus</strong></span> <span class='ocrx_word' id='word_1_308' title='bbox 1860 3480 2125 3545; x_wconf 80' lang='lat' dir='ltr'><strong>quatuor,</strong></span> <span class='ocrx_word' id='word_1_309' title='bbox 2170 3470 2379 3546; x_wconf 86' lang='lat' dir='ltr'><strong>reliqui</strong></span> <span class='ocrx_word' id='word_1_310' title='bbox 2420 3472 2481 3529; x_wconf 86' lang='lat' dir='ltr'><strong>iu</strong></span> 
     </span>
     <span class='ocr_line' id='line_1_37' title="bbox 503 3555 2479 3635; baseline 0.004 -24"><span class='ocrx_word' id='word_1_311' title='bbox 503 3555 772 3630; x_wconf 88' lang='lat' dir='ltr'><strong>oppidum</strong></span> <span class='ocrx_word' id='word_1_312' title='bbox 803 3556 1002 3631; x_wconf 78' lang='lat' dir='ltr'><strong>rejecti</strong></span> <span class='ocrx_word' id='word_1_313' title='bbox 1039 3567 1196 3616; x_wconf 87' lang='lat' dir='ltr'><strong>sunt.</strong></span> <span class='ocrx_word' id='word_1_314' title='bbox 1278 3556 1587 3615; x_wconf 84' lang='lat' dir='ltr'><strong>Prostridie</strong></span> <span class='ocrx_word' id='word_1_315' title='bbox 1630 3558 1761 3635; x_wconf 90' lang='lat' dir='ltr'><strong>ejus</strong></span> <span class='ocrx_word' id='word_1_316' title='bbox 1800 3559 1933 3629; x_wconf 88' lang='lat' dir='ltr'><strong>diei,</strong></span> <span class='ocrx_word' id='word_1_317' title='bbox 1978 3558 2245 3617; x_wconf 83' lang='lat' dir='ltr'><strong>refractis</strong></span> <span class='ocrx_word' id='word_1_318' title='bbox 2284 3562 2479 3635; x_wconf 74' lang='lat' dir='ltr'><strong>poi-tie,</strong></span> 
     </span>
     <span class='ocr_line' id='line_1_38' title="bbox 503 3642 2481 3723; baseline 0.005 -25"><span class='ocrx_word' id='word_1_319' title='bbox 503 3660 685 3717; x_wconf 88' lang='lat' dir='ltr'><strong>quum</strong></span> <span class='ocrx_word' id='word_1_320' title='bbox 699 3644 822 3718; x_wconf 86' lang='lat' dir='ltr'><strong>jam</strong></span> <span class='ocrx_word' id='word_1_321' title='bbox 841 3642 1174 3702; x_wconf 84' lang='lat' dir='ltr'><strong>defenderet</strong></span> <span class='ocrx_word' id='word_1_322' title='bbox 1199 3664 1386 3716; x_wconf 88' lang='lat' dir='ltr'><strong>nemo,</strong></span> <span class='ocrx_word' id='word_1_323' title='bbox 1406 3656 1577 3723; x_wconf 86' lang='lat' dir='ltr'><strong>atque</strong></span> <span class='ocrx_word' id='word_1_324' title='bbox 1594 3647 1935 3705; x_wconf 88' lang='lat' dir='ltr'><strong>intromissis</strong></span> <span class='ocrx_word' id='word_1_325' title='bbox 1946 3647 2235 3705; x_wconf 83' lang='lat' dir='ltr'><strong>militibus</strong></span> <span class='ocrx_word' id='word_1_326' title='bbox 2254 3650 2481 3718; x_wconf 84' lang='lat' dir='ltr'><strong>nostris,</strong></span> 
     </span>
     <span class='ocr_line' id='line_1_39' title="bbox 505 3730 2483 3814; baseline 0.005 -29"><span class='ocrx_word' id='word_1_327' title='bbox 505 3730 815 3787; x_wconf 87' lang='lat' dir='ltr'><strong>sectionem</strong></span> <span class='ocrx_word' id='word_1_328' title='bbox 831 3732 960 3805; x_wconf 88' lang='lat' dir='ltr'><strong>ejus</strong></span> <span class='ocrx_word' id='word_1_329' title='bbox 973 3732 1162 3805; x_wconf 87' lang='lat' dir='ltr'><strong>oppidi</strong></span> <span class='ocrx_word' id='word_1_330' title='bbox 1185 3734 1518 3791; x_wconf 81' lang='lat' dir='ltr'><strong>universam</strong></span> <span class='ocrx_word' id='word_1_331' title='bbox 1538 3734 1757 3791; x_wconf 83' lang='lat' dir='ltr'><strong>Caesar</strong></span> <span class='ocrx_word' id='word_1_332' title='bbox 1774 3736 2045 3793; x_wconf 86' lang='lat' dir='ltr'><strong>vendidit.</strong></span> <span class='ocrx_word' id='word_1_333' title='bbox 2130 3737 2229 3794; x_wconf 88' lang='lat' dir='ltr'><strong>Ab</strong></span> <span class='ocrx_word' id='word_1_334' title='bbox 2250 3737 2357 3807; x_wconf 90' lang='lat' dir='ltr'><strong>his,</strong></span> <span class='ocrx_word' id='word_1_335' title='bbox 2380 3740 2483 3814; x_wconf 88' lang='lat' dir='ltr'><strong>qui</strong></span> 
     </span>
     <span class='ocr_line' id='line_1_40' title="bbox 439 3819 2439 3893; baseline 0.007 -23"><span class='ocrx_word' id='word_1_336' title='bbox 439 3850 444 3853; x_wconf 95' lang='lat'>-</span> <span class='ocrx_word' id='word_1_337' title='bbox 505 3826 784 3885; x_wconf 86' lang='lat' dir='ltr'><strong>emerant,</strong></span> <span class='ocrx_word' id='word_1_338' title='bbox 813 3819 1069 3893; x_wconf 81' lang='lat' dir='ltr'><strong>capitum</strong></span> <span class='ocrx_word' id='word_1_339' title='bbox 1095 3836 1375 3877; x_wconf 79' lang='lat' dir='ltr'><strong>numerus</strong></span> <span class='ocrx_word' id='word_1_340' title='bbox 1402 3821 1477 3879; x_wconf 85' lang='lat' dir='ltr'><strong>ad</strong></span> <span class='ocrx_word' id='word_1_341' title='bbox 1501 3840 1639 3879; x_wconf 90' lang='lat' dir='ltr'><strong>eum</strong></span> <span class='ocrx_word' id='word_1_342' title='bbox 1668 3823 1887 3884; x_wconf 82' lang='lat' dir='ltr'><strong>relatus</strong></span> <span class='ocrx_word' id='word_1_343' title='bbox 1914 3834 2001 3884; x_wconf 87' lang='lat' dir='ltr'><strong>est</strong></span> <span class='ocrx_word' id='word_1_344' title='bbox 2028 3825 2279 3885; x_wconf 89' lang='lat' dir='ltr'><strong>millium</strong></span> <span class='ocrx_word' id='word_1_345' title='bbox 2310 3843 2439 3885; x_wconf 79' lang='lat' dir='ltr'><strong>un.</strong></span> 
     </span>
    </p>
   </div>
  </div>
 </body>
</html>
