2709 4300
379 259 462 318 38
1095 271 1184 320 nn
1207 269 1419 320 nanno
1442 269 1727 320 οιιιιοο
2150 269 2287 341 teu.
2300 275 2451 317 ,ιο-ω.

479 405 746 466 idoneum
787 405 978 466 locum
1020 407 1268 485 delegit3
1322 409 1563 484 acieque
1610 405 1824 484 triplici
1864 407 2161 476 instructa,
2204 405 2277 470 ad
2312 423 2453 466 eum

479 495 671 556 locum
719 497 894 554 venit.
979 497 1232 554 Primam
1279 507 1336 555 et
1379 497 1692 576 secundam
1736 497 1925 554 aciem
1974 496 2033 552 in
2078 497 2255 554 armis
2299 515 2451 566 esse,

475 586 702 642 tertiam
749 595 942 643 castra
989 587 1216 643 munire
1258 585 1449 662 jussit.
1532 585 1649 643 Hic
1692 584 1857 642 locus
1900 585 1973 642 ab
2012 583 2173 642 hoste
2212 582 2453 656 circiter

477 691 680 748 passus
706 683 1024 744 sexcentos,
1055 675 1139 731 uti
1179 673 1399 732 dictum
1440 683 1543 744 est,
1574 674 1792 732 aberat.
1875 671 1967 730 Eo
1992 673 2230 730 circiter
2270 660 2451 732 homi
2498 698 2505 702 ·

413 773 450 826 5
477 779 617 819 ιιιιιιι
663 779 906 820 numero
953 781 1060 820 xV1
1101 761 1285 820 millia
1325 763 1589 839 expedita
1616 779 1752 820 cum
1780 762 1937 818 omni
1978 751 2238 838 equitatu
2276 761 2475 842 Ario-‘

477 851 656 908 vistus
697 852 868 921 misit,
911 869 1060 927 quae
1103 851 1302 927 copiae
1343 859 1564 909 nostros
1604 859 1989 927 perterrerent
2030 859 2089 908 et
2130 838 2459 928 munitione·

474 938 856 1014 prohiberent.
941 939 1142 998 Nihilo
1169 940 1362 997 secius
1388 938 1623 1009 Caesar,
1648 949 1711 996 ut
1739 947 1872 997 ante
1892 939 2283 1009 constituerat,
2300 931 2451 998 duas

475 1029 630 1084 acies
658 1027 874 1086 hostem
903 1027 1275 1104 propulsare3
1321 1029 1549 1086 tertiam
1568 1045 1713 1104 opus
1739 1027 2020 1104 perficere
2040 1027 2232 1103 jussit.
2320 1027 2447 1085 Mu-

473 1117 610 1173 nitis
637 1117 858 1185 castris,
887 1116 1034 1174 duas
1061 1117 1141 1174 ibi
1167 1115 1424 1193 legiones
1452 1117 1703 1192 reliquit,
1732 1125 1790 1174 ct
1816 1124 2037 1192 partem
2064 1115 2445 1174 auxiliorum:
2500 1107 2505 1110 ¹

375 1214 448 1268 10
473 1213 718 1280 quatuor
747 1205 1043 1280 reliquas
1027 1223 1086 1262 m
1115 1215 1306 1264 castra
1333 1205 1553 1280 majora
1582 1204 1830 1262 reduxit.

549 1291 625 1352 L.
689 1291 956 1352 Proximo
995 1294 1106 1364 die,
1151 1293 1407 1352 instituto
1445 1311 1567 1363 suo,
1608 1293 1829 1352 Caesar
1866 1311 1903 1352 e
1942 1294 2147 1351 castris
2190 1295 2447 1396 utrisque

471 1383 664 1458 copias
689 1400 826 1440 suas
847 1381 1076 1440 eduxit·
1058 1426 1076 1455 ,
1121 1383 1475 1458 paulumque
1494 1381 1858 1457 amajoribus
1886 1383 2239 1458 progressus,
2259 1383 2446 1440 aciem

473 1469 759 1540 instruxit,
781 1471 1148 1546 hostibusque
1175 1471 1472 1548 pugnandi
1500 1479 1832 1547 potestatem
1864 1469 2021 1528 fecit.
2080 1469 2194 1530 Ubi
2221 1489 2295 1528 ne
2322 1481 2447 1529 tum

471 1559 702 1634 quidem
745 1579 847 1616 eos
894 1559 1120 1635 prodire
1161 1559 1463 1629 intellexit,
1504 1560 1739 1618 circiter
1779 1559 2077 1616 meridiem
2122 1559 2446 1617 exercitum

373 1657 444 1710 15
471 1648 530 1704 in
557 1658 750 1705 castra
777 1647 1022 1705 reduxit.
1109 1647 1267 1704 Tum
1307 1647 1544 1704 demum
1574 1647 1904 1705 Ariovistus
1944 1657 2165 1724 partem
2206 1667 2497 1732 ειιαιιιιιιᾘ.

469 1737 786 1812 copiarum,
835 1753 986 1811 quae
1041 1743 1233 1792 castra
1293 1738 1517 1792 minora
1563 1745 1937 1814 oppugnaret,
1986 1736 2174 1794 misit.
2234 1738 2447 1794 acrite'r

471 1825 758 1898 utrimque
803 1840 986 1898 usque
1029 1822 1102 1880 ad
1147 1831 1452 1898 vespeer
1480 1817 1799 1900 pugnatum
1847 1833 1952 1882 est.
2035 1823 2186 1882 Solis
2230 1843 2467 1908 occasu·
2544 1845 2549 1849 ·

470 1929 606 1969 suas
632 1913 826 1987 copias
844 1911 1190 1980 Ariovistus,
1213 1911 1409 1969 multis
1434 1921 1493 1970 et
1520 1911 1695 1969 illatis
1722 1922 1779 1970 et
1807 1913 2060 1988 acceptis
2088 1912 2443 1984 vulneribus,

470 2001 529 2056 in
557 2009 752 2056 castra
779 1999 1027 2056 reduxit.
1073 1999 1275 2064 Quum
1303 2019 1377 2057 ex
1406 2001 1651 2076 captivis
1678 2011 1981 2075 quaereret
2007 1999 2244 2071 Caesar,
2266 2019 2447 2077 quam

365 2097 445 2153 20
468 2089 540 2145 ob
584 2106 707 2145 rem
757 2089 1085 2146 Ariovistus
1133 2087 1346 2165 proelio
1390 2106 1503 2145 non
1547 2088 1884 2159 decertaret,
1929 2089 2081 2146 hanc
2122 2090 2445 2166 reperiebat

469 2196 736 2235 causam:
777 2177 928 2253 quod
956 2177 1108 2254 apud
1123 2176 1460 2235 'Germanos
1476 2196 1548 2235 ea
1574 2177 1927 2237 consuetudo
1953 2187 2120 2247 esset,
2140 2188 2203 2235 ut
2220 2190 2445 2245 matres

469 2265 724 2325 familiae
751 2284 951 2324 eorum
979 2268 1225 2324 sortibus
1252 2275 1308 2324 et
1326 2266 1827 2324 vaticinationibus
1846 2263 2229 2337 declararent,
2248 2278 2443 2344 utrum

469 2356 748 2431 proelium
777 2356 1051 2415 committi
1077 2374 1151 2412 ex
1183 2373 1295 2412 usu
1323 2364 1491 2424 esset,
1510 2372 1620 2411 nec
1648 2372 1757 2411 ne:
1800 2372 1900 2413 eas
1927 2355 2007 2411 ita
2034 2354 2269 2413 diceret·
2296 2356 2442 2415 Non
2466 2426 2475 2435 ‚

465 2462 592 2501 esse
643 2442 729 2501 sas
779 2444 1103 2502 Germanos
1149 2461 1445 2519 superare,
1474 2442 1523 2500 si
1568 2450 1701 2499 ante
1732 2460 1941 2499 novam
1981 2443 2183 2501 lunam
2224 2443 2451 2545 proelio,
2518 2456 2525 2462 ·

363 2542 442 2595 25
467 2532 2405 2589 contendissent..
2524 2532 2531 2539 “

545 2620 648 2678 LI.
674 2620 976 2679 Postridie
1017 2620 1144 2696 ejus
1184 2619 1300 2677 diei
1340 2619 1562 2677 Caesar
1602 2618 1886 2695 praesidio
1928 2620 2187 2695 utrisque
2214 2596 2439 2693 castris,
2493 2686 2497 2689 ,

464 2708 615 2785 quod
657 2711 797 2767 satis
839 2728 964 2767 esse
1005 2710 1195 2766 visum
1239 2718 1342 2777 est,
1388 2709 1655 2783 reliquit3
1716 2728 1915 2766 omnes
1954 2709 2165 2766 alarios
2205 2710 2263 2765 in
2306 2729 2439 2767 cona

464 2807 665 2875 spectu
707 2798 952 2855 hostium
1000 2816 1101 2873 pro
1141 2798 1348 2855 castris
1375 2798 1691 2854 minoribus
1718 2798 2027 2865 constituit,
2056 2796 2204 2872 quod
2250 2799 2441 2857 minus

463 2885 827 2942 multitudine
855 2885 1102 2943 militurn
1130 2885 1577 2961 legionariorum
1594 2890 1709 2961 ‘pro
1737 2885 1984 2943 hostium
2012 2902 2255 2943 numero
2282 2886 2438 2943 valea
2529 2915 2535 2919 ·

363 2982 444 3040 30,
465 2974 576 3043 bat,
607 2985 670 3030 ut
713 2972 785 3031 ad
831 2973 1083 3048 speciem
1127 2973 1326 3029 alariis
1366 2984 1645 3033 uteretur.
1730 2971 1876 3048 Ipse,
1906 2971 2117 3048 triplici
2144 2968 2441 3037 instructa
2513 3045 2519 3049 ¹

463 3062 610 3131 acie,
639 3080 822 3136 usque
871 3060 940 3118 ad
991 3070 1183 3117 castra
1230 3061 1478 3117 hostium
1520 3061 1782 3117 accessit.
1866 3060 2024 3117 Tum
2063 3052 2299 3125 demiim
2338 3067 2457 3121 ne:

461 3149 714 3207 cessario
733 3150 1010 3207 Germani
1032 3168 1168 3205 suas
1189 3148 1383 3223 copias
1409 3149 1615 3205 castris
1641 3147 1982 3218 eduxerunt,
2002 3146 2437 3225 generatimque

461 3240 897 3307 constituerunt,
917 3238 1263 3314 paribusque
1293 3236 1630 3306 intervalliS,
1657 3235 1945 3306 Harudes,
1972 3236 2433 3310 Marcomannos,
2510 3290 2515 3297 .

463 3324 794 3395 Triboc008‚
837 3326 1188 3402 Vangiones,
1220 3324 1516 3394 NemeteS,
1546 3324 1833 3394 SeduaiOS,
1876 3324 2137 3397 Suevos3
2180 3327 2432 3394 omnemf

363 3422 436 3476 35
463 3430 573 3487 que
617 3414 805 3471 aciem
847 3432 1016 3470 suam
1065 3412 1258 3471 rhedis
1298 3422 1359 3470 et
1400 3414 1585 3469 carris
1632 3412 2159 3483 circumdederunt,
2200 3431 2275 3471 ne
2318 3432 2437 3489 qua

460 3520 590 3575 spes
628 3502 688 3557 in
719 3499 858 3576 suga
885 3501 1338 3577 relinqueretur.-
1412 3499 1503 3557 Eo
1528 3500 1800 3559 mulieres
1838 3502 2252 3577 imposuerunt,
2282 3520 2432 3577 quae

459 3588 520 3645 in
557 3588 840 3664 proelium
882 3590 1308 3663 proficiscentes
1337 3589 1549 3647 milites
1588 3590 1773 3665 passis
1800 3590 2068 3647 manibus
2095 3590 2306 3647 flentes
2326 3590 2429 3647 im-

460 3676 773 3750 plorabant,
801 3692 876 3731 ne
903 3694 966 3731 se
993 3676 1054 3731 in
1082 3678 1417 3733 servitutem
1448 3676 1725 3734 Romanis
1752 3678 2063 3735 traderent.
2125 3703 2130 3709 ·

538 3759 670 3819 LII.
713 3760 931 3818 Caesar
956 3762 1201 3837 singulis
1241 3763 1564 3839 legionibus
1590 3765 1849 3843 singulos
1888 3766 2108 3843 legatos
2134 3777 2192 3825 et
2224 3764 2427 3843 quaes-
