2709 4300
362 243 485 304 lu
1066 251 1157 300 ne
1190 251 1412 300 mm
1439 249 1728 298 aarum
2129 250 2264 304 [cn.
2280 255 2450 304 «aa.

452 407 621 452 orum
648 391 899 470 cognita,
928 391 1031 466 qui
1060 399 1197 450 ante
1222 399 1392 450 erant
1431 407 1534 467 per
1573 409 1638 448 se
1681 387 1964 457 infideles,
1993 405 2206 446 manus
2231 405 2452 466 eogere

456 491 629 558 atque
680 491 875 558 aperte
925 480 1145 538 bellum
1199 497 1408 557 parare
1461 488 1798 557 coeperunt.
1910 477 2070 536 Tum
2125 477 2452 545 Labienus,

454 579 613 630 tanta
668 589 865 628 rerum
926 571 1396 638 commutatione,
1449 569 1624 646 longe
1691 568 1852 626 aliud
1919 568 2029 626 sibi
2097 567 2452 643 capiendum

452 661 785 730 consilium,
814 671 987 736 atque
1036 671 1211 720 antea
1252 670 1530 728 senserat,
1559 659 1954 736 intelligebat:
1996 675 2184 733 neque
2229 658 2454 734 jam,ut

390 761 431 818 ὅ
456 751 673 828 aliquid
702 752 1047 826 acquireret,
1072 750 1404 827 proelioque
1425 750 1616 808 hostes
1635 748 1968 820 lacesseret,
2011 747 2112 806 sed
2135 757 2198 804 ut
2225 748 2452 804 incolu-

454 859 611 900 mem
652 841 975 898 exercitum
1012 839 1382 918 Agendioum
1425 838 1748 907 reduceret,
1777 837 2086 914 cogitabat.
2171 837 2456 912 Namque

454 930 639 988 altera
682 947 755 987 ex
802 941 963 1006 parte
1008 929 1325 999 Bellovaci,
1354 947 1508 1004 quae
1553 928 1762 985 civitas
1801 928 1860 986 in
1905 926 2102 984 Gallia
2129 927 2454 984 maximam

452 1019 625 1078 habet
664 1021 993 1098 opinionem
1035 1019 1283 1089 virtutis,
1329 1019 1660 1089 instabant3
1721 1017 1968 1075 alteram
2013 1015 2456 1093 Camulogenus

454 1119 655 1186 parato
702 1121 875 1186 atque
924 1110 1205 1168 instructo
1258 1109 1522 1166 exercitu
1577 1107 1846 1166 tenebat:
1909 1117 2034 1164 tum
2089 1106 2368 1182 legiones,
2397 1097 2460 1164 'a

354 1207 431 1264 lo
454 1199 741 1276 praesidio
785 1209 959 1275 atque
1002 1198 1428 1275 impedimentis
1469 1197 1840 1266 interclusas,
1867 1197 2186 1254 maximum
2231 1197 2456 1254 flumen

453 1288 783 1348 distinebat.
881 1287 1091 1348 Tantis
1130 1288 1319 1346 subito
1365 1285 1806 1344 difficultatibus
1851 1286 2108 1362 objectis,
2151 1287 2226 1344 ab
2269 1285 2456 1344 animi

454 1380 667 1438 virtute
694 1379 983 1436 auxilium
1009 1377 1323 1455 petendum
1350 1376 1602 1436 videbat.

534 1467 669 1528 Lx.
714 1468 917 1544 Itaque
960 1469 1071 1526 sub
1110 1485 1420 1544 vesperum
1463 1465 1708 1523 consilio
1739 1474 2073 1534 convocato,
2099 1465 2458 1536 cohortante,

458 1569 521 1618 ut
568 1578 659 1628 ea,
692 1577 843 1636 quae
888 1559 1245 1636 imperasset,
1290 1557 1599 1634 diligenter
1647 1553 2046 1630 industrieque
2089 1554 2456 1614 administra-

356 1653 433 1710 15
460 1657 607 1716 rent,
633 1667 831 1717 naves,
860 1665 1006 1723 quas
1050 1666 1085 1703 a
1132 1645 1444 1706 Meloduno
1487 1645 1824 1714 deduxerat,
1871 1643 2136 1721 singulas
2159 1644 2462 1718 equitibus

458 1737 739 1798 Romanis
782 1737 1059 1806 attribuit,
1104 1745 1161 1794 et
1206 1737 1397 1812 prima
1443 1733 1708 1792 confecta
1750 1733 1970 1809 vigilia,
2001 1749 2066 1790 iv
2095 1733 2278 1790 millia
2325 1753 2458 1810 pas-

456 1845 633 1886 suum
658 1825 919 1884 seo-undo
942 1826 1181 1882 fiuniine
1210 1825 1478 1901 progredi
1519 1823 1764 1892 silentio,
1795 1823 1992 1899 ibique
2019 1842 2083 1882 se
2111 1834 2460 1900 exspectare

452 1916 639 1991 jubet.
722 1915 1001 1989 Quinque
1022 1915 1301 1984 cohorteS,
1324 1932 1474 1989 quas
1496 1914 1734 1971 rninime
1748 1913 1954 1970 firmae
1967 1911 2040 1970 ad
2057 1912 2462 1972 dimicandum

456 2023 583 2062 esse
610 2004 993 2073 existimabat,
1023 2005 1229 2062 castris
1258 2001 1546 2079 praesidio
1574 2003 1886 2078 relinquit:
1916 2018 1960 2059 v
1987 2001 2248 2077 ejusdem
2277 2003 2460 2079 legio-

354 2101 437 2169 χω
458 2094 549 2151 nis
602 2092 863 2169 reliquas
910 2091 984 2153 de
1038 2092 1231 2151 media
1284 2101 1456 2151 noete
1510 2111 1648 2151 cum
1705 2093 1974 2151 omnibus
2029 2091 2460 2169 impedimentis

460 2183 701 2241 adverso
722 2184 961 2241 flumine
983 2201 1194 2259 magno
1214 2182 1468 2240 tumultu
1491 2182 1780 2260 proficisci
1802 2183 2069 2258 imperat.
2151 2182 2464 2258 Conquirit

458 2275 637 2333 otiam
682 2273 903 2331 lintres.
990 2272 1136 2340 Has,
1186 2290 1399 2349 magno
1454 2273 1648 2329 sonitu
1706 2290 2000 2337 remorum
2055 2273 2344 2341 incitatae,
2393 2274 2458 2329 in

460 2363 707 2427 eandem
754 2374 977 2439 partem
1026 2353 1217 2419 mitti't.
1303 2360 1434 2437 Ipse
1483 2370 1610 2437 post
1663 2362 1858 2437 paulo,
1903 2360 2132 2419 silentio
2184 2380 2464 2439 egressus

348 2466 375 2483 ²
460 2472 599 2513 oum
646 2453 833 2511 tribus
874 2452 1201 2528 legionibus
1248 2470 1388 2509 eum
1432 2450 1628 2509 locum
1670 2451 1826 2525 petit,
1857 2466 1972 2525 quo
2015 2468 2197 2509 naves
2241 2452 2460 2527 appelli

356 2548 437 2605 85
455 2544 731 2619 jusserat.

540 2631 703 2693 LXI.
748 2631 841 2691 Eo
894 2650 1077 2709 quum
1132 2640 1285 2689 esset
1332 2640 1594 2698 ventum,
1635 2629 2028 2705 exploratores
2083 2630 2350 2701 hostium,
2397 2643 2462 2689 ut

460 2722 619 2781 omni
646 2722 905 2781 fluminis
932 2732 1093 2799 parte
1138 2730 1304 2779 erant
1346 2720 1622 2796 dispositi,
1652 2720 2034 2795 inopinantes,
2059 2720 2212 2795 quod
2243 2740 2464 2798 magna

462 2812 651 2874 subito
676 2821 803 2869 erat
830 2822 1027 2869 coorta
1054 2821 1382 2889 tempestas,
1415 2810 1492 2867 ab
1515 2810 1723 2867 nostris
1749 2809 2188 2885 opprimuntur:
2233 2814 2458 2870 exerei-

461 2912 557 2961 tus
600 2904 1025 2979 equitatusque,
1054 2899 1347 2976 equitibus
1393 2900 1674 2957 Romanis
1715 2900 2266 2969 administrantibus,
2313 2920 2464 2977 quos

358 2998 441 3055 80
462 2993 519 3051 ei
544 2993 775 3069 negotio
793 2989 1173 3067 praefecerat,
1196 2990 1471 3049 celeriter
1493 2990 1922 3048 transmittitur.
2005 2990 2136 3049 Uno
2167 2990 2287 3049 fere
2318 3003 2458 3050 tern-

464 3100 601 3160 pore
644 3082 754 3141 sub
800 3081 993 3139 lucem
1038 3080 1297 3139 hostibus
1327 3081 1676 3149 nunciatur,
1704 3080 1766 3136 in
1809 3081 2016 3137 castris
2061 3079 2462 3139 Romanorum

464 3182 693 3249 praeter
736 3170 1210 3231 consuetudinem
1266 3168 1628 3239 tumultuari,
1675 3179 1750 3227 et⁴
1787 3188 2066 3247 magnum
2113 3170 2198 3227 ire
2249 3187 2462 3247 agmen

464 3261 707 3320 adverso
736 3262 993 3331 flumine,
1022 3261 1386 3335 sonitumque
1417 3276 1708 3317 remorum
1739 3260 1802 3315 in
1829 3258 2032 3316 eadem
2075 3268 2238 3335 parte
2279 3278 2460 3317 exau-

464 3349 593 3419 diri,
638 3360 696 3408 et
749 3352 921 3427 paulo
968 3348 1119 3407 infra
1162 3348 1382 3407 milites
1431 3350 1678 3405 navibus
1732 3349 2126 3424 transportari.
2225 3348 2463 3415 Quibus

360 3446 441 3503 ,ὓ
464 3440 643 3497 rebus
666 3440 895 3510 auditis,
918 3440 1071 3515 quod
1098 3438 1522 3507 existimabant,
1545 3440 1732 3495 tribus
1751 3439 1896 3497 locis
1913 3439 2164 3497 transire
2181 3438 2460 3518 legiones,

465 3539 639 3604 atque
664 3548 885 3598 omnes,
903 3530 1263 3605 perturbatos
1284 3527 1604 3589 defectione
1624 3528 1984 3598 Aeduorum,
2007 3527 2206 3606 fugam
2231 3548 2462 3604 parare,

464 3634 603 3673 suas
648 3634 879 3692 quoque
929 3619 1129 3693 copias
1168 3620 1227 3676 in
1279 3629 1397 3676 tres
1441 3630 1634 3695 partes
1675 3618 2110 3677 distribuerunt.
2195 3618 2374 3689 Nam,
2401 3632 2462 3679 et

464 3704 749 3775 prae-idio
772 3722 807 3761 e
834 3706 1069 3780 regione
1096 3718 1421 3767 castrorum
1451 3708 1672 3777 relicto,
1693 3718 1750 3767 et
1773 3724 1954 3785 parva
1983 3726 2162 3766 manu
2192 3707 2460 3769 Metiose-

466 3785 607 3845 dum
658 3806 863 3849 versus
914 3793 1108 3863 missin
1164 3812 1317 3869 quae
1379 3804 1602 3855 tantum
1665 3796 2130 3875 progrederetur,
2171 3808 2462 3875 quantuni
