2709 4300
401 277 484 336 74
1119 283 1206 332 DE
1229 281 1441 330 BELDO
1464 282 1553 329 GA
1562 279 1751 328 LLIOO
2181 279 2315 332 [Cu.
2338 284 2405 332 1³.
2426 285 2488 326 14.

501 424 728 482 amicus
755 421 830 480 ab
855 431 1062 482 senatu
1089 431 1284 480 nostro
1321 421 1663 497 appellatus.
1748 417 1883 487 Hic,
1913 435 2096 493 quum
2126 415 2293 474 fratri
2323 419 2491 474 inter-

499 513 666 570 cluso
695 513 768 570 ab
796 511 1054 573 hostibus
1098 512 1385 570 auxilium
1414 509 1606 579 ferret,
1638 506 1805 564 illum
1838 526 1911 563 ex
1943 507 2205 584 periculo
2242 507 2492 582 eripuit:

501 603 622 678 ipse
652 621 802 677 equo
829 601 1130 658 vulnerato
1157 594 1436 674 dejectus,
1464 598 1652 674 quoad
1682 597 1879 672 potuit,
1912 595 2221 652 fortissime
2262 597 2491 652 restitit.

499 691 706 756 Quum
743 692 1197 758 circumventus,
1229 689 1427 744 multis
1464 686 1805 744 vulneribus
1848 685 2119 760 acceptia,
2164 685 2493 753 cecidisset,

439 787 476 840 5
503 789 676 856 atque
705 779 760 836 id
783 778 977 847 frater,
1005 779 1108 852 qui
1119 778 1243 854 jam
1274 777 1491 852 proelio
1508 783 1857 842 excesserat,
1885 773 2086 849 procul
2110 773 2374 830 animum
2398 773 2495 832 ad·

503 870 782 936 vertisset,
803 868 1038 924 incitato
1053 885 1206 941 equo
1224 884 1287 922 se
1309 865 1567 922 hostibus
1588 863 1809 933 obtulit,
1834 873 2003 937 atque
2020 861 2367 919 interfectus
2382 873 2494 920 est.

585 955 744 1014 XIII.
797 955 928 1012 Hoc
977 953 1130 1012 facto
1178 953 1411 1031 proelio,
1452 951 1675 1009 Caesar
1716 971 1905 1027 neque
1948 953 2070 1027 jam
2113 952 2223 1008 sibi
2273 952 2502 1028 legatos

505 1044 836 1113 audiendos,
867 1063 1056 1120 neque
1085 1043 1437 1100 conditiones
1466 1041 1837 1118 accipiendas
1864 1041 2253 1098 arbitrabatur
2282 1041 2357 1097 ab
2386 1042 2499 1111 his,
2546 1037 2549 1039 Α

503 1137 604 1212 qui
633 1153 736 1212 per
763 1134 958 1192 dolum
1001 1142 1178 1209 atque
1205 1131 1461 1200 insidias,
1492 1131 1667 1206 petita
1711 1149 1873 1206 pace,
1904 1130 2055 1187 ultro
2094 1129 2317 1186 bellum
2346 1131 2500 1188 intu-

405 1227 480 1283 10
505 1225 736 1282 iissent:
799 1232 1136 1299 exspectare
1186 1239 1341 1290 vero,
1392 1219 1532 1280 dum
1586 1220 1836 1277 hostium
1884 1221 2085 1295 copiae
2134 1229 2503 1296 augerentur

503 1315 910 1390 equitatusque
939 1321 1347 1380 reverteretur,
1372 1329 1634 1368 summae
1654 1309 1979 1366 dementiae
2006 1327 2135 1366 esse
2158 1309 2499 1383 judicabat:

507 1413 582 1472 et,
605 1403 836 1480 cognita
857 1401 1164 1458 Gallorum
1185 1401 1539 1469 infirmitate,
1563 1407 1847 1475 quantum
1868 1397 1993 1472 jam
2014 1397 2165 1474 apud
2186 1417 2285 1454 eos
2306 1398 2503 1455 hostes

509 1511 626 1550 uno
651 1490 868 1569 proelio
887 1491 1246 1548 auctoritatis
1271 1499 1465 1546 essent
1488 1487 1803 1556 consecuti,
1834 1487 2115 1544 sentiebat
2137 1506 2154 1542 t
2182 1487 2396 1563 quibus
2428 1487 2503 1544 ad

507 1581 750 1640 consilia
777 1579 1058 1655 capienda
1085 1578 1230 1637 nihil
1259 1580 1429 1656 spatii
1456 1577 1709 1636 dandum
1752 1575 2135 1634 existimabat.
2222 1575 2336 1632 His
2364 1595 2501 1632 con-

412 1674 484 1729 15
509 1670 720 1728 stitutis
747 1669 939 1737 rebus,
972 1678 1028 1725 et
1055 1667 1298 1725 consilio
1335 1687 1474 1726 cum
1502 1667 1707 1742 legatis
1744 1676 1803 1723 et
1829 1674 2135 1742 quaestore
2176 1667 2501 1722 communi-

509 1769 656 1827 cat0,
687 1775 762 1816 ne
801 1775 978 1833 quem
1015 1757 1168 1815 diem
1209 1775 1441 1834 pugnae
1484 1755 1985 1833 praetermitteret,
2014 1755 2504 1830 opportunissima

509 1863 604 1904 res
633 1847 860 1916 accidit,
891 1845 1042 1922 quod
1073 1846 1342 1922 postridie
1384 1846 1513 1921 ejus
1552 1845 1667 1902 diei
1706 1861 1894 1913 mane,
1925 1843 2129 1900 eadem
2156 1855 2215 1902 et
2256 1843 2505 1919 perfidia

507 1943 566 1991 et
593 1935 962 1993 simulatione
992 1936 1084 1992 usi
1127 1935 1427 2004 Germani,
1460 1933 1811 2009 frequentes,
1840 1923 2109 1990 omnibus
2137 1933 2505 2009 principibus

511 2022 938 2098 majoribusque
989 2034 1128 2082 natu
1179 2023 1464 2094 adhibitis,
1508 2021 1581 2080 ad
1630 2041 1768 2080 eum
1814 2023 1877 2078 in
1924 2031 2119 2079 castra
2166 2034 2459 2080 venerunt
2482 2044 2501 2096 ;

409 2117 490 2173 20
509 2110 701 2181 simul,
733 2122 798 2171 ut
823 2112 1143 2183 dicebatur,
1173 2113 1266 2171 sui
1309 2112 1595 2191 purgandi
1636 2131 1836 2183 causa,
1878 2111 2033 2187 quod
2072 2121 2294 2183 contra,
2328 2123 2507 2190 atque

507 2211 658 2259 esset
685 2201 904 2261 dictum
945 2212 1004 2260 et
1031 2202 1140 2278 ipsi
1169 2204 1457 2279 petissent,
1494 2202 1779 2279 proelium
1823 2202 2007 2278 pridie
2034 2202 2501 2276 commisissent3

509 2291 683 2349 simul
719 2300 801 2361 ut,
831 2293 880 2349 si
923 2292 1062 2368 quid
1105 2302 1348 2369 possent,
1396 2292 1468 2349 de
1512 2290 1763 2349 induciis
1806 2290 2057 2348 fallendo
2100 2292 2502 2367 impetrarent.

507 2381 674 2447 Quos
713 2382 822 2437 sibi
861 2380 1083 2439 Caesar
1127 2380 1349 2439 oblatos
1392 2383 1646 2457 gavisus,
1678 2380 1807 2439 illos
1848 2380 2082 2438 retineri
2119 2381 2333 2456 jussit3
2378 2381 2507 2458 ipse

507 2490 707 2528 omnes
735 2472 930 2546 copias
957 2472 1162 2528 castris
1191 2469 1409 2541 eduxit,
1430 2472 1885 2546 equitatumque,
1905 2470 2057 2546 quod
2088 2471 2309 2527 recenti
2340 2464 2507 2547 proe-

405 2564 486 2618 25
509 2558 586 2617 lio
615 2561 980 2635 perterritum
1009 2578 1136 2617 esse
1163 2560 1548 2631 existimabat,
1580 2580 1789 2639 agmen
1819 2561 2095 2635 subsequi
2118 2561 2317 2635 jussit.

593 2650 755 2707 XIV.
803 2651 954 2708 Acie
972 2649 1186 2726 triplici
1215 2650 1516 2720 instructa,
1536 2663 1593 2709 et
1612 2651 1879 2708 celeriter
1896 2669 2008 2709 vm
2026 2652 2276 2707 millium
2294 2652 2505 2709 itinere

507 2738 786 2809 confectO,
817 2740 976 2815 prius
1005 2740 1076 2797 ad
1105 2740 1352 2797 hostium
1382 2751 1574 2798 castra
1605 2741 1882 2816 pervenit,
1904 2758 2099 2815 quam,
2128 2740 2269 2815 quid
2300 2760 2504 2818 agere-

507 2838 622 2898 tur,
669 2828 948 2887 Germani
996 2831 1210 2887 sentire
1256 2840 1506 2907 possent.
1592 2831 1731 2899 Qui,
1782 2831 2048 2887 omnibus
2090 2830 2265 2887 rebus
2312 2831 2507 2888 subito

509 2919 814 2995 perterriti,
845 2928 902 2976 et
945 2920 1244 2977 celeritate
1289 2919 1573 2977 adventus
1615 2921 1810 2989 nostri,
1840 2930 1897 2977 et
1938 2919 2197 2976 discessu
2239 2938 2503 2992 suorum,

407 3010 486 3064 30
509 3026 698 3083 neque
726 3007 954 3065 consilii
981 3008 1249 3077 habendi,
1271 3027 1460 3084 neque
1495 3028 1659 3066 arma
1681 3008 1945 3086 capiendi
1974 3009 2158 3085 spatio
2190 3008 2342 3078 dato,
2374 3028 2503 3085 per-

509 3097 834 3166 turbantur,
866 3098 1135 3173 copiasne
1165 3096 1448 3155 adversus
1490 3098 1711 3156 hostem
1752 3098 2022 3168 educere,
2055 3117 2128 3155 an
2169 3108 2364 3156 castra
2404 3100 2501 3157 de-

509 3184 764 3256 fendere,
795 3205 870 3244 an
915 3186 1055 3265 suga
1081 3187 1330 3245 salutem
1362 3198 1572 3264 petere,
1612 3199 1948 3265 praestaret.
2031 3188 2301 3254 Quorum
2331 3190 2505 3248 timor

507 3292 690 3349 quum
721 3275 954 3335 fremitu
983 3286 1040 3335 et
1081 3294 1371 3335 concursu
1402 3278 1853 3353 significaretur,
1884 3278 2097 3336 milites
2124 3280 2324 3348 nostri,
2358 3281 2500 3355 pris-

507 3364 614 3421 tini
641 3365 754 3422 diei
783 3364 1023 3442 perfidia
1052 3367 1295 3436 incitati,
1325 3368 1384 3424 in
1409 3377 1599 3425 castra
1621 3370 1979 3445 irruperunt.
2065 3368 2203 3433 Quo
2232 3368 2378 3438 loco,
2399 3372 2501 3445 qui

407 3452 484 3507 35
509 3454 780 3511 celeriter
807 3474 970 3513 arma
998 3474 1209 3532 capere
1240 3466 1565 3533 potuerunt,
1590 3458 1887 3534 paulisper
1907 3458 2117 3515 nostris
2146 3458 2499 3529 restiterunt,

511 3551 683 3615 atque
726 3544 876 3601 inter
903 3563 1101 3602 carros
1140 3546 1669 3623 impedimentaque
1716 3548 2001 3625 proelium
2046 3548 2497 3607 commiserunt:

512 3638 571 3683 at
599 3632 822 3702 reliqua
850 3634 1156 3691 multitudo
1173 3654 1485 3711 puerorum
1508 3637 1939 3712 mulierumque
1962 3636 2129 3713 (nam
2157 3656 2292 3695 cum
2314 3640 2499 3695 omni-

510 3716 621 3772 bus
663 3718 786 3771 suis
829 3720 993 3775 domo
1035 3734 1407 3779 excesserant
1448 3724 1837 3802 Rhenumque
1880 3726 2253 3802 transierant)
2283 3728 2503 3803 passim

515 3798 720 3869 fugere
748 3804 972 3872 coepit3
1019 3805 1089 3858 ad
1115 3824 1260 3877 quos
1287 3812 1702 3869 consectandos
1728 3814 1951 3873 Caesar
1972 3816 2293 3891 equitatum
2316 3815 2501 3877 misit.
