2709 4300
418 245 541 306 140
1128 255 1219 324 nn
1256 253 1468 303 mm
1505 253 1793 300 GALLwo
2201 253 2338 306 [eu.
2355 258 2510 300 mm.

516 415 633 464 eos,
662 395 711 452 si
752 393 811 451 id
850 393 1123 471 oppidum
1166 394 1552 460 retinuissent,
1595 407 1881 448 summam
1911 390 2190 450 victoriae
2239 401 2512 447 constare

514 484 934 560 intelligebant.

596 571 787 630 XXII.
832 571 1131 647 Singulari
1176 571 1428 627 militum
1453 577 1779 628 nostrorum
1807 569 2008 627 virtuti
2035 569 2282 626 consilia
2306 569 2510 643 cujus-

512 679 627 736 que
657 661 807 718 modi
836 661 1139 718 Gallorum
1166 659 1572 728 occurrebant,
1601 668 1664 716 ut
1691 668 1780 716 est
1806 677 2068 716 summae
2095 677 2285 734 genus
2327 658 2508 716 soler-

450 755 487 808 6
512 751 647 818 tiae,
676 759 849 824 atque
876 749 949 806 ad
974 749 1169 805 omnia
1196 748 1474 804 imitanda
1503 757 1674 822 atque
1701 747 2024 816 efficienda,
2055 767 2208 823 quae
2251 747 2326 803 ab
2365 765 2510 821 quo-

512 857 627 916 que
668 837 985 906 tradantur,
1016 838 1396 912 aptissimum.
1481 836 1644 892 Nam
1685 846 1744 893 et
1788 836 2012 911 laqueis
2055 835 2238 893 falces
2281 845 2508 892 averte-

512 927 665 996 bant,
694 945 841 1002 quas
880 945 1062 1000 quum
1106 925 1550 993 destinaverant,
1595 927 1894 982 tormentis
1935 926 2220 982 introrsus
2263 924 2508 980 reduce-

512 1015 685 1086 bant;
732 1025 789 1072 et
818 1033 1092 1091 aggerem
1134 1014 1426 1072 cuniculis
1469 1014 1900 1082 subtrahebant,
1931 1034 1999 1071 eo
2025 1015 2320 1082 scientius,
2351 1013 2510 1087 quod

512 1104 663 1181 apud
692 1123 789 1162 eos
816 1123 1061 1180 magnae
1088 1112 1223 1160 sunt
1252 1101 1550 1171 ferrariae,
1583 1112 1754 1178 atque
1781 1121 1950 1160 omne
1979 1121 2164 1179 genus
2199 1102 2506 1159 cuniculo-

410 1201 487 1254 10
512 1211 641 1250 rum
684 1203 883 1250 notum
925 1202 1097 1268 atque
1140 1193 1416 1248 usitatum
1457 1201 1563 1248 est.
1648 1191 1864 1249 Totum
1913 1202 2108 1248 autem
2151 1209 2388 1248 murum
2431 1209 2509 1247 ex

510 1283 665 1340 omni
708 1293 869 1359 parte
897 1282 1153 1339 turribus
1180 1279 1714 1350 contabulaverant,
1743 1291 1918 1355 atque
1945 1282 2051 1337 has
2079 1282 2254 1338 coriis
2279 1282 2506 1338 intexe-

510 1381 659 1429 rant.
741 1371 901 1428 Tum
949 1371 1169 1428 crebris
1216 1369 1454 1426 diurnis*
1489 1371 1904 1444 nocturnisque
1951 1369 2346 1444 eruptionibus
2403 1378 2508 1426 aut

510 1462 711 1538 aggeri
754 1460 949 1536 ignem
990 1458 1331 1527 inferebant,
1363 1467 1463 1516 aut
1503 1459 1716 1516 milites
1741 1468 2052 1534 occupatos
2081 1459 2138 1514 in
2167 1477 2340 1534 opere
2367 1457 2504 1516 ado-

512 1551 848 1621 riebantur3
894 1559 950 1606 et
994 1558 1321 1606 nostrarum
1356 1549 1616 1606 *turrium
1659 1547 2040 1616 altitudinem,
2069 1557 2353 1622 quantum
2397 1547 2508 1604 has

410 1647 485 1702 15
510 1639 875 1713 quotidianus
920 1656 1101 1714 agger
1148 1646 1530 1714 expresserat,
1581 1637 1904 1694 commissis
1945 1653 2192 1694 suarum
2247 1637 2505 1694 turrium

510 1728 696 1796 malis,
727 1727 1163 1801 adaequabant;
1208 1737 1267 1782 et
1310 1736 1536 1802 apertos
1567 1726 1872 1782 cuniculos
1900 1735 2170 1800 praeusta
2199 1744 2270 1793 ac
2299 1743 2502 1800 praea-

508 1824 647 1872 cuta
688 1815 947 1884 materia,
990 1824 1047 1872 et
1089 1815 1219 1890 pice
1262 1813 1598 1884 fervefacta,
1643 1823 1700 1872 et
1750 1814 1988 1871 maximi
2035 1814 2300 1888 ponderis
2343 1815 2504 1870 saxis

508 1903 898 1971 morabantur,
930 1904 1341 1978 moenibusque
1371 1904 1830 1979 appropinquare
1860 1902 2256 1978 prohibebant.

591 1990 809 2048 XXIII.
858 1991 1047 2048 Muris
1088 2001 1282 2048 autem
1331 1993 1597 2050 omnibus
1649 1991 1896 2048 Gallicis
1943 1992 2092 2048 haec
2143 1989 2264 2048 fere
2316 1991 2504 2048 forma

402 2089 482 2146 20
508 2087 611 2136 est.
698 2077 925 2136 Trabes
952 2079 1225 2148 directae,
1257 2091 1570 2157 perpetuae
1601 2081 1659 2136 in
1689 2079 2126 2157 longitudinem,
2152 2081 2394 2155 paribus
2415 2082 2500 2138 in-

506 2167 765 2226 tervallis
812 2169 1087 2227 distantes
1132 2169 1279 2229 inter
1316 2189 1380 2227 se
1426 2170 1586 2226 binos
1628 2170 1818 2245 pedes,
1849 2171 1908 2225 in
1947 2168 2070 2225 solo
2097 2170 2498 2227 collocantur:

505 2258 615 2315 hae
646 2259 1047 2315 revinciuntur
1074 2259 1372 2327 introrsuS,
1403 2268 1460 2315 et
1503 2258 1684 2314 multo
1727 2276 1942 2333 aggere
1971 2259 2318 2315 vestiuntur.
2407 2259 2502 2315 Ea

508 2355 717 2416 autem,
764 2365 915 2422 quae
962 2347 1232 2415 diximus,
1278 2346 1586 2403 intervalla
1633 2347 1950 2422 grandibus
1997 2348 2058 2403 in
2109 2346 2291 2405 fronte
2341 2348 2502 2407 saxis

506 2435 904 2493 effarciuntnr.
989 2435 1099 2492 His
1140 2436 1436 2492 collocatis
1477 2444 1534 2491 et
1573 2436 2007 2510 coagmentatis,
2025 2468 2030 2474 -
2051 2435 2204 2491 alius
2261 2436 2502 2511 insuper

400 2540 481 2593 25
506 2525 643 2583 ordo
670 2524 957 2599 adjicitur,
982 2534 1043 2580 ut
1070 2524 1222 2581 idem
1252 2524 1396 2580 illud
1423 2524 1795 2581 intervallum
1823 2533 2104 2591 servetur,
2129 2542 2320 2598 neque
2347 2524 2503 2591 inter

504 2632 569 2682 se
596 2614 929 2689 contingant
954 2613 1163 2680 trabes,
1194 2613 1291 2669 sed
1322 2613 1562 2690 paribus
1587 2612 1947 2669 intermissae
1971 2612 2185 2686 spatiiS,
2205 2613 2498 2687 singulae,

504 2702 749 2778 singulis
796 2702 953 2759 saxis
999 2701 1333 2776 interjectis,
1386 2711 1506 2757 arte
1555 2702 1980 2757 contineantur.
2065 2701 2166 2757 Sic
2221 2700 2500 2777 deinceps

504 2809 672 2847 omne
728 2808 873 2865 opus
930 2791 1271 2859 contexitur,
1314 2789 1454 2847 dum
1491 2790 1650 2864 justa
1691 2790 1845 2845 muri
1889 2789 2128 2847 altitudo
2169 2788 2496 2863 expleatur.

507 2878 635 2937 Hoc
680 2898 862 2954 quum
904 2880 964 2935 in
1008 2880 1261 2953 speciem
1290 2880 1742 2953 varietatemque
1783 2896 1926 2955 opus
1961 2877 2216 2936 deforme
2245 2896 2362 2935 non
2391 2888 2500 2948 est,

402 2978 479 3033 30
506 2968 743 3025 alternis
772 2970 1027 3025 trabibus
1066 2988 1135 3025 ac
1176 2970 1351 3037 saxia,
1379 2986 1531 3043 quae
1562 2970 1734 3025 rectis
1761 2969 1930 3025 lineis
1957 2987 2092 3025 suos
2119 2968 2350 3024 ordines
2377 2986 2499 3025 ser·
2583 2987 2590 2999 ³

505 3070 683 3133 vant;
728 3070 871 3129 tum,
902 3061 972 3117 ad
1020 3060 1323 3118 utilitatem
1367 3070 1424 3117 et
1465 3060 1856 3117 defensionem
1905 3061 2156 3129 urbium,
2199 3079 2500 3117 summam

504 3148 676 3207 habet
702 3150 1179 3227 opportunitatem
1204 3170 1221 3221 ;
1266 3150 1417 3225 quod
1447 3158 1504 3206 et
1533 3150 1606 3206 ab
1634 3150 1900 3207 incendio
1927 3150 2094 3225 lapis,
2123 3159 2182 3207 et
2211 3150 2286 3207 ab
2315 3151 2500 3207 ariete

504 3241 747 3295 materia
774 3240 1043 3307 deiendit‚
1072 3257 1241 3315 quae,
1272 3240 1567 3314 perpetuis
1594 3238 1856 3295 trabibus
1883 3237 2058 3313 pedes
2085 3238 2500 3315 quadragenos

504 3322 847 3403 plerumque
874 3330 1155 3386 introrsus
1182 3328 1460 3396 revincta,
1491 3346 1679 3402 neque
1709 3327 2006 3404 perrumpi
2034 3346 2224 3403 neque
2253 3326 2500 3385 distrahi

401 3428 477 3482 35
503 3421 705 3481 potest.
2401 3488 2410 3495 .

508 3560 515 3562 ,
584 3499 807 3563 XXIV.
893 3508 1001 3565 Iis¹
1032 3517 1111 3565 tot
1172 3508 1346 3565 rebus
1413 3506 1688 3582 impedita
1753 3507 2196 3584 oppugnatione,
2257 3508 2496 3578 milites,

500 3600 683 3655 quum
728 3604 841 3653 toto
880 3607 1133 3672 tempore
1176 3595 1387 3671 frigore
1427 3606 1484 3653 et
1527 3596 1772 3658 assiduis
1797 3598 2076 3653 imbribus
2103 3596 2498 3667 tardarentur,

500 3676 695 3734 tamen
724 3687 1035 3742 continenti
1064 3686 1258 3741 labore
1284 3685 1480 3741 omnia
1523 3685 1672 3743 haec
1711 3694 2158 3762 superaverunt,
2187 3695 2246 3741 et
2285 3686 2500 3744 diebus

498 3764 625 3810 m
642 3780 937 3842 aggerem,
956 3771 1147 3829 latum
1159 3774 1334 3847 pedes
1346 3792 1590 3843 cccxxx,
1609 3775 1794 3835 altum
1823 3774 1998 3851 pedes
2017 3791 2195 3845 ιτα,
2225 3785 2498 3835 exstrux-

592 3910 627 3919 ..φ
