2709 4300
392 299 513 360 ιω
1128 305 1219 356 nn
1240 305 1452 355 mm
1475 305 1762 356 cunco
2177 306 2484 360 [omas-51.

486 445 687 516 nostri,
714 454 913 506 temen
940 444 1051 504 etsi
1077 444 1153 503 ab
1175 445 1331 504 duce
1373 455 1430 504 et
1471 463 1508 502 e
1547 443 1778 502 fortuna
1823 443 2260 514 deserebantur,
2289 455 2490 504 temen

486 551 719 594 omnem
760 555 922 612 spem
962 536 1169 594 salutis
1194 537 1257 593 in
1284 536 1498 593 virtute
1525 535 1826 611 ponebant,
1855 543 1931 604 et,
1963 535 2190 610 quoties
2213 553 2491 612 quaeque

486 625 693 683 cohors
741 635 1127 702 procurreret,
1172 624 1247 682 ab
1286 644 1360 683 eo
1401 635 1562 701 perte
1609 641 1860 702 maguus
1905 624 2156 682 hostium
2201 641 2492 683 numerus

486 713 751 774 cadebat.
834 714 976 780 Qus
1010 733 1073 774 re
1102 715 1524 786 animadversa,
1557 715 1859 773 Ambiorix
1889 715 2264 790 pronunciari
2299 716 2488 791 jubet,

422 809 463 866 5
488 815 551 862 ut
596 803 799 881 procul
828 804 947 864 tela
972 804 1301 880 conjiciant,
1332 823 1448 864 neu
1477 806 1712 882 propius
1739 803 2062 877 accedant3
2105 815 2164 862 et
2201 823 2386 880 quam
2425 805 2488 862 in

486 903 709 970 partem
739 893 989 951 Romani
1016 894 1297 970 impetum
1329 893 1594 964 fecerint,
1625 893 1868 952 cedunt:
1904 893 2136 952 levitate
2163 912 2486 966 armorum,

484 991 547 1041 et
590 981 927 1059 quotidiano
967 983 1380 1041 exercitatione
1421 983 1567 1040 nihil
1593 985 1670 1041 iis
1693 983 1894 1042 noceri
1933 1001 2132 1060 posse:
2173 1002 2386 1043 rursus
2423 1003 2488 1043 se

484 1070 559 1129 sd
586 1071 755 1148 signa
782 1072 1133 1148 recipientes
1159 1071 1561 1147 insequantur.
2479 1073 2484 1076 ’

554 1157 809 1220 XXXV.
840 1159 981 1227 Quo
996 1170 1303 1239 praecepto
1320 1161 1484 1219 abiis
1503 1161 1940 1239 diligentissime
1959 1163 2278 1233 observato,
2301 1183 2490 1240 quum

384 1259 461 1314 10
484 1251 795 1327 quaepiam
823 1247 1029 1310 cohors
1056 1269 1129 1310 ex
1158 1252 1297 1310 orbe
1324 1262 1658 1311 excesserat
1703 1263 1880 1330 atque
1921 1254 2200 1330 impetum
2247 1244 2486 1324 fecerat,

484 1341 677 1400 hostes
704 1341 1071 1400 velocissime
1100 1340 1488 1419 refugiebant.
1574 1342 1813 1401 Interim
1839 1361 1970 1400 eam
2013 1355 2235 1420 purtem
2275 1345 2490 1402 nudari

484 1448 725 1490 necesse
752 1441 895 1502 eret,
926 1441 984 1490 et
1012 1431 1086 1488 ab
1114 1431 1297 1489 lutere
1336 1441 1536 1508 aperto
1575 1433 1694 1490 tela
1739 1433 1938 1509 recipi.
2024 1431 2272 1504 Rursus,
2301 1453 2489 1512 quum

485 1519 547 1578 in
575 1539 714 1578 eum
742 1520 957 1591 locum,
987 1519 1143 1578 unde
1170 1530 1337 1579 erant
1379 1522 1686 1598 progressi,
1717 1523 1929 1580 reverti
1955 1533 2284 1598 coeperunt,
2313 1533 2374 1581 et
2415 1525 2490 1582 ab

484 1610 559 1666 iis
585 1611 687 1686 qui
714 1621 1029 1680 cesserant,
1060 1620 1119 1668 et
1146 1611 1221 1668 sb
1246 1611 1323 1669 iis
1346 1611 1448 1688 qui
1477 1611 1722 1688 proximi
1749 1621 2042 1682 steterant,
2065 1611 2487 1700 circumvenie-

384 1703 461 1760 15
486 1698 734 1772 buntur5
778 1700 870 1758 sin
915 1709 1111 1778 autern
1156 1698 1350 1758 locum
1395 1709 1594 1758 tenere
1640 1700 1875 1771 vellent,
1923 1719 2034 1759 nec
2078 1701 2278 1759 virtuti
2321 1702 2490 1762 locus

486 1786 940 1864 relinquebatur,
971 1806 1161 1863 neque
1192 1789 1265 1846 ab
1294 1798 1456 1847 tants
1483 1788 1850 1848 multitudine
1879 1790 2146 1866 conjectu
2187 1791 2308 1852 tela
2351 1811 2484 1851 con-

485 1874 617 1934 ferti
674 1878 859 1939 vitare
914 1886 1197 1952 poterent.
1303 1877 1533 1936 Tamen
1588 1888 1669 1936 tot
1723 1879 2098 1964 incommodis
2151 1883 2484 1953 conflictati,

484 1964 680 2036 multis
709 1965 1053 2023 vulneribus
1080 1969 1355 2044 acceptis,
1387 1968 1766 2040 resistebant3
1813 1979 1870 2026 et
1911 1987 2124 2046 magna
2163 1980 2328 2046 parte
2369 1972 2484 2030 diei

482 2064 839 2130 consumpta,
858 2072 1043 2130 quum
1064 2073 1101 2112 s
1122 2057 1309 2132 prime
1330 2056 1466 2114 luce
1489 2057 1558 2114 ed
1591 2057 1792 2115 boram
1811 2067 2076 2116 octavum
2102 2071 2482 2136 pugnaretur,

376 2147 459 2205 πο
481 2141 646 2213 nihil,
696 2143 851 2219 quod
898 2145 1037 2220 ipsis
1086 2157 1237 2203 esset
1286 2145 1610 2225 indignum,
1659 2150 2112 2207 committebant.
2198 2148 2362 2209 Tum
2403 2152 2481 2210 T.

482 2230 803 2303 Balventio‚
846 2235 949 2309 qui
988 2236 1289 2311 superiore
1334 2254 1488 2294 anno
1531 2238 1785 2313 primum
1817 2239 2013 2314 -pilum
2057 2239 2324 2312 duxerat,
2355 2243 2484 2300 viro

482 2318 615 2379 forti
638 2332 697 2382 et
726 2342 975 2401 magnae
1004 2326 1380 2395 auctoritatis,
1413 2336 1726 2401 utrumque
1771 2326 1962 2385 femur
1987 2328 2224 2406 tragula
2250 2332 2482 2408 transji-

480 2411 669 2472 citur:
698 2412 778 2478 Q.
810 2412 1115 2471 Lucanius
1142 2414 1405 2491 ejusdem
1433 2416 1667 2486 ordiniS‚
1691 2416 1997 2475 ibrtissime
2026 2437 2310 2495 pugnans,
2341 2421 2482 2479 dum

482 2501 881 2560 circumvento
934 2502 1055 2561 filio
1106 2504 1396 2575 subvenit,
1447 2504 1824 2564 interficitur:
1883 2506 1958 2565 L.
2001 2508 2186 2579 Cotta,
2229 2510 2478 2587 legatus,

378 2593 459 2651 25
480 2608 681 2647 omues
722 2592 985 2649 cohortes
1024 2592 1370 2668 ordinesque
1413 2594 1740 2665 adhortans,
1771 2596 1833 2653 iu⁴
1871 2596 2178 2655 adversum
2207 2620 2274 2657 os
2302 2600 2481 2659 funda
2536 2654 2574 2671 .,

480 2678 847 2737 vulneratur.

561 2766 843 2828 XXXVI.
890 2770 1001 2829 His
1042 2773 1213 2830 rebus
1256 2784 1552 2849 permotus
1593 2774 1672 2840 Q.
1720 2776 2004 2847 Titurius,
2045 2796 2228 2853 quum
2274 2780 2477 2857 procul

480 2856 881 2935 Ambiorigem
898 2878 1035 2918 suos
1048 2861 1441 2920 cohortantem
1461 2866 1870 2941 conspexisset,
1889 2867 2260 2944 interpretem
2283 2890 2475 2943 suum,

478 2945 587 3003 Cn.
622 2946 975 3023 Pompeium,
1006 2950 1081 3007 ad
1108 2968 1245 3008 eum
1275 2953 1464 3023 mittit,
1497 2964 1780 3031 rogatum,
1813 2955 1890 3013 Ut
1931 2958 2040 3013 sibi
2083 2958 2480 3037 militibusque

376 3040 457 3097 ω
478 3046 699 3111 parcat.
784 3036 893 3095 Ille
940 3039 1263 3115 appellatus
1310 3043 1635 3119 respondit:
1679 3044 1741 3101 Si
1779 3046 1920 3103 velit
1959 3065 2162 3105 secum
2205 3050 2474 3126 colloqui,
2506 3106 2514 3114 ,

478 3124 697 3199 licere3
742 3145 979 3203 sperare
1008 3148 1043 3185 a
1072 3130 1444 3191 multitudine
1483 3133 1782 3209 impetrari
1824 3154 2006 3211 posse,
2037 3138 2189 3211 quod
2218 3140 2290 3197 ed
2325 3142 2474 3199 mili-

478 3223 602 3272 tum
630 3217 877 3275 salutem
907 3220 1225 3294 pertinest3
1258 3221 1368 3296 ipsi
1397 3240 1534 3279 vero
1559 3223 1702 3281 nihil
1733 3226 1988 3283 nocitum
2015 3228 2106 3297 iri,
2137 3229 2314 3304 inque
2341 3250 2475 3289 eam

478 3322 604 3361 rem
632 3325 695 3363 se
722 3326 889 3365 suam
916 3308 1091 3365 fidem
1116 3310 1502 3386 interponere.
1585 3311 1694 3370 Ille
1723 3332 1862 3371 cum
1889 3314 2055 3373 Cotta
2075 3319 2278 3375 saucio
2319 3338 2472 3377 corn-

478 3394 755 3464 municat,
784 3396 849 3453 Si
878 3396 1159 3468 videatur,
1192 3418 1390 3477 pugna
1419 3410 1480 3457 ut
1507 3402 1827 3476 excedant3
1875 3414 1944 3462 et·
1961 3424 2100 3462 cum
2129 3408 2474 3486 Ambiorige

374 3492 455 3549 36
478 3500 597 3539 une.
639 3484 1078 3560 colloquantur:
1122 3505 1376 3563 sperare,
1407 3491 1480 3547 ab
1502 3511 1576 3551 eo
1603 3492 1674 3550 de
1715 3512 1826 3551 sua
1867 3514 1938 3552 ec
1986 3497 2238 3558 militum
2281 3498 2472 3557 salute

288 3638 309 3645 f
358 3623 389 3629 ,,
476 3569 786 3647 impetrare
810 3593 993 3650 posse.
1076 3576 1244 3637 Cotta
1270 3598 1333 3637 se
1356 3580 1431 3637 ad
1459 3571 1750 3641 armatum
1779 3584 2000 3643 hostem
2029 3587 2248 3644 iturum
2275 3600 2470 3665 neget,

478 3669 649 3737 atquc
677 3661 739 3721 in
766 3682 835 3720 eo
862 3666 1132 3725 constitit.

558 3749 867 3809 XXXVII.
912 3752 1183 3825 Sabinus,
1232 3776 1378 3832 quos
1425 3760 1486 3817 iu
1535 3764 1861 3837 praesentia
1909 3766 2170 3825 tribunos
2219 3768 2472 3829 militum

476 3834 705 3899 nircum
750 3856 813 3893 se
858 3838 1127 3910 hahebat,
1176 3854 1232 3901 et
1280 3848 1598 3931 primorum
1647 3852 1916 3913 ordinum
1965 3857 2354 3927 centuriones,
2403 3878 2472 3917 se
