2709 4300
187 318 307 366 cu.
330 323 399 372 ιε,
418 317 507 370 141
964 317 1157 364 unna
1188 317 1491 372 QUINTUS.
2208 309 2285 368 ⁰1

186 455 299 532 qui
340 473 545 514 omnes
589 451 711 512 fere
750 454 825 510 iis
872 454 1205 512 nominibus
1230 456 1534 513 civitatum
1561 455 1942 531 appellantur,
1973 457 2188 533 quibus

184 545 305 602 orti
330 563 407 602 ex
436 543 771 604 civitatibus
798 562 869 600 eo
894 553 1301 618 pervenerunt,
1332 553 1390 601 et
1418 544 1568 605 bello
1605 545 1764 602 illato
1791 545 1870 601 ibi
1897 549 2186 604 remansa-‘-

186 644 351 704 runt‚
382 644 559 710 atque
602 651 773 710 agros
812 635 1005 691 colere
1046 644 1382 710 coeperunt.
1466 633 1786 694 Hominum
1829 647 1918 694 est
1963 637 2190 696 infinita

186 723 523 793 multitudo,
552 723 1021 799 creberrimaque
1068 723 1353 792 aedificia,
1385 721 1506 782 fere
1540 723 1786 783 Gallicis
1827 727 2184 784 consimiliat

187 831 475 892 pecorum
521 831 769 889 magnus
812 830 1115 869 numerus.
1220 811 1479 870 Utuntur
1523 823 1624 872 aut
1667 833 1822 884 aere,
1871 824 1972 874 aut
2013 815 2184 874 taleis
2207 823 2248 876 5

188 903 421 972 terreis,
453 902 525 960 ad
552 912 779 960 certum
806 900 1027 976 pondus
1052 902 1412 972 examinatis,
1435 921 1538 978 pro
1563 921 1818 961 nummo·
1901 904 2186 964 Nascitur

186 994 273 1050 ibi
302 993 609 1070 plumbum
636 991 833 1050 album
861 992 921 1048 in
949 991 1384 1050 mediterraneis
1411 993 1760 1070 regionibus,
1789 995 1852 1052 in
1879 995 2186 1053 maritimis

186 1081 461 1154 ferrum3
506 1081 605 1138 sed
634 1081 763 1156 ejus
788 1081 1005 1156 exigua
1030 1091 1117 1138 est
1156 1082 1362 1157 copia:
1405 1101 1540 1140 aere
1583 1093 1826 1142 utuntur
1860 1085 2182 1160 importato-

187 1169 445 1228 Materia
488 1171 775 1246 cujusque
818 1170 1067 1246 generis,
1098 1179 1161 1227 ut
1201 1171 1263 1226 in
1306 1171 1522 1242 Gallia,
1564 1181 1668 1242 est,
1713 1184 1942 1249 praeter
1981 1173 2184 1250 fagum

186 1269 371 1335 atque
416 1261 683 1317 abietem.
765 1257 1071 1335 Leporem,
1100 1269 1158 1317 et
1194 1261 1494 1336 gallinam,
1538 1271 1598 1318 et
1637 1281 1900 1320 anserem
1945 1273 2184 1339 gustare
2213 1267 2288 1324 10

188 1349 283 1406 fas
310 1368 425 1406 non
453 1356 655 1425 putant
677 1368 695 1421 ;
738 1349 887 1408 haec
915 1358 1109 1406 tamen
1138 1349 1305 1408 alunt
1331 1351 1509 1406 animi
1533 1351 1950 1427 voluptatisque
1977 1371 2180 1410 causa.

188 1438 361 1498 Loca
392 1449 527 1497 sunt
552 1438 973 1514 temperatiora,
1002 1457 1179 1514 quam
1220 1439 1281 1496 in
1310 1439 1526 1510 Gallia,
1557 1441 1976 1498 remissioribus
2011 1439 2182 1517 frigo·

191 1530 377 1586 ribus.

276 1617 439 1676 XIII.
482 1616 683 1676 Insula
710 1628 919 1676 natura
944 1619 1247 1693 triquetra,
1276 1618 1452 1692 cujus
1485 1635 1666 1676 unum
1693 1617 1844 1676 latus
1871 1628 1956 1676 est
1983 1628 2186 1676 contra

190 1707 473 1766 Galliam.
556 1707 753 1783 Hujus
798 1708 995 1766 lateris
1040 1707 1189 1764 alter
1234 1705 1506 1782 angulus,
1535 1707 1634 1781 qui
1675 1717 1762 1764 est
1789 1707 1860 1764 ad
1891 1707 2180 1777 Cantium,
2213 1711 2287 1772 15

188 1817 313 1872 quo
352 1796 475 1854 sere
514 1815 715 1854 omnes
755 1815 830 1854 ex
873 1795 1075 1854 Gallia
1126 1814 1307 1854 naves
1348 1795 1732 1871 appellantur,
1775 1797 1848 1854 ad
1903 1797 2184 1854 orientem

190 1887 376 1944 solem
400 1907 419 1958 3
463 1885 700 1943 inferior
728 1885 801 1942 ad
830 1886 1129 1944 meridiem
1156 1894 1399 1962 spectat.
1483 1885 1614 1942 Hoc
1641 1885 1794 1943 latus
1819 1896 1972 1944 tenet
2013 1886 2180 1944 circi-

188 1985 283 2033 ter
310 1975 497 2032 millia
540 1993 815 2052 passuum
843 1993 899 2032 n.
983 1975 1257 2032 Alterum
1284 1975 1474 2050 vergit
1511 1973 1584 2032 ad
1625 1974 1970 2051 Hispaniam
2008 1986 2182 2052 atque

189 2064 551 2122 occidentem
578 2065 791 2122 solem:
834 2083 951 2140 qua
978 2083 1053 2121 ex
1082 2055 1241 2139 parte
1270 2073 1357 2122 est
1387 2063 1687 2134 Hibernia,
1717 2065 1946 2123 dimidio
1972 2067 2176 2135 minor,

192 2165 259 2213 ut
289 2155 641 2223 aestimatur,
670 2174 845 2231 quam
875 2154 1213 2225 Britannia3
1259 2152 1362 2211 sed
1407 2155 1533 2229 pari
1580 2156 1762 2230 spatio
1787 2157 2176 2226 transmissus,
2203 2158 2286 2215 20

190 2254 371 2319 atque
399 2262 471 2301 ex
501 2243 715 2312 Gallia,
744 2252 833 2301 est
858 2244 919 2299 in
943 2242 1325 2299 Britanniam.
1410 2241 1478 2299 In
1509 2244 1618 2301 hoc
1649 2244 1838 2301 medio
1875 2264 2054 2303 cursu
2095 2253 2183 2303 est

191 2333 407 2403 insula,
435 2352 587 2408 quae
616 2333 945 2409 appellatur
974 2330 1149 2388 Mona
1172 2350 1190 2402 3
1236 2330 1566 2406 complures
1608 2342 1906 2406 praeterea
1932 2334 2184 2391 minores

70 2450 83 2459 -
190 2422 455 2498 objectae
502 2422 729 2479 insulae
778 2421 1210 2492 existimantur;
1268 2420 1341 2477 de
1389 2420 1602 2495 quibus
1651 2420 1856 2477 insulis
1919 2420 2184 2478 nonnulli

192 2512 567 2587 scripserunt,
592 2510 713 2569 dies
738 2510 1037 2569 continuos
1064 2527 1187 2567 xxx
1212 2510 1323 2567 sub
1352 2509 1558 2567 bruma
1579 2528 1706 2567 esse
1727 2516 1972 2565 noctem.
2055 2507 2186 2565 Nos

192 2601 341 2659 nihil
368 2599 441 2656 de
468 2619 536 2657 eo
564 2599 1081 2676 percontationibus
1110 2599 1558 2675 reperiebamus„
1587 2599 1700 2655 nisi
1727 2597 1902 2655 certis
1926 2614 2000 2654 ex
2029 2616 2182 2673 aqua
2203 2606 2284 2659 25

193 2690 487 2749 mensuris
528 2690 817 2747 breviores
856 2707 1002 2757 esse,
1032 2706 1209 2763 quam
1250 2689 1309 2745 in
1354 2689 1700 2756 continente,
1729 2696 1926 2743 noctes
1953 2686 2180 2745 videba-

192 2799 349 2837 mus.
436 2779 633 2855 Hujus
658 2788 743 2835 est
770 2778 1067 2855 longitudo
1106 2776 1323 2845 lateriS‚
1354 2786 1420 2833 ut
1447 2775 1558 2833 fert
1585 2777 1816 2833 illorum
1841 2776 2048 2850 opinio,
2075 2794 2180 2833 nco

192 2870 469 2927 millium.
553 2867 821 2925 Tertium
860 2877 949 2925 est
989 2876 1189 2949 contra
1210 2866 1663 2940 septemtrioneS,
1692 2864 1791 2921 cui
1831 2865 1980 2938 parti
2019 2863 2184 2921 nulla

192 2968 282 3016 est
310 2958 535 3032 objecta
560 2966 755 3029 terra3
800 2956 901 3013 sed
946 2954 1075 3030 ejus
1118 2953 1372 3033 angulus
1419 2954 1618 3013 lateris
1659 2954 1906 3012 maxime
1935 2952 2006 3011 ad
2037 2952 2178 3010 Ger-

194 3046 454 3103 maniam
498 3053 757 3122 spectat:
800 3045 939 3103 huic
982 3043 1167 3101 millia
1207 3062 1486 3120 passuum
1511 3062 1650 3103 nccc
1677 3044 1738 3101 in
1766 3041 2178 3118 longitudinem
2205 3046 2284 3101 30

192 3154 323 3193 esse
352 3135 733 3191 existimatur.
818 3133 905 3191 Ita
930 3134 1117 3191 omnis
1142 3133 1337 3191 insula
1363 3142 1450 3191 est
1477 3134 1538 3191 in
1565 3133 1817 3191 circuitu
1839 3131 2020 3187 vicies
2045 3147 2178 3187 cen·

194 3234 323 3283 tum
349 3224 600 3280 millium
628 3240 923 3298 passuum.

279 3312 446 3370 XIV.
490 3312 586 3369 Ex
626 3312 717 3369 his
756 3310 1023 3368 omnibus
1062 3309 1233 3388 longe
1274 3321 1411 3369 sunt
1449 3309 1868 3377 humanissimi,
1891 3308 1992 3383 qui
2030 3307 2178 3366 Can-

194 3402 343 3459 tium
369 3400 646 3470 incolunt,
669 3418 821 3475 quae
850 3400 1007 3475 regio
1035 3409 1121 3457 est
1148 3401 1436 3457 maritima
1463 3400 1685 3470 omnis;
1717 3416 1906 3473 neque
1935 3396 2182 3455 multum

196 3508 233 3547 a
284 3489 517 3548 Gallica
562 3488 835 3547 differunt
880 3488 1317 3547 consuetudine.
1401 3488 1708 3546 Interiores
1756 3485 2014 3561 plerique
2064 3484 2180 3542 fru·
2207 3493 2286 3549 35

196 3589 393 3637 menta
418 3596 531 3635 non
558 3587 779 3647 serunt,
808 3576 908 3635 sed
938 3576 1089 3635 lacte
1118 3587 1175 3635 et
1202 3596 1382 3634 carne
1411 3578 1630 3644 vivunt,
1659 3575 2022 3651 pellibusque
2049 3582 2186 3631 sunt

198 3668 408 3726 vestiti.
495 3666 717 3724 Omnes
745 3684 879 3723 vcro
904 3684 967 3722 se
998 3664 1261 3723 Britanni
1290 3666 1438 3721 vitro
1473 3663 1756 3733 inficiunt,
1785 3662 1938 3738 quod
1977 3680 2182 3721 caeru-

194 3757 357 3815 leum
404 3756 583 3815 efficit
630 3754 897 3823 colorem,
950 3762 1121 3829 atque
1168 3754 1278 3813 hoc
1318 3752 1634 3811 horridiore
1687 3764 1820 3809 sunt
1873 3752 1933 3808 in
1987 3769 2184 3829 pugna

197 3846 513 3924 adspectu:
554 3842 883 3920 capilloque
930 3852 1067 3901 sunt
1091 3842 1386 3920 promisso,
1415 3850 1588 3917 atque
1613 3841 1772 3898 omni
1798 3849 1959 3917 parte
1986 3858 2182 3919 corpo-
