2709 4300
415 271 505 332 u
542 293 551 302 ·
1132 281 1219 328 ns
1260 279 1470 328 anuo
1511 279 1798 327 oAzmoo
2189 280 2326 334 [cn.
2345 285 2507 334 aasz.

520 419 693 478 fidem
718 429 970 489 secutus,
997 419 1067 476 ad
1092 437 1225 477 eum
1244 419 1307 476 in
1330 417 1716 476 continentem
1739 417 1998 475 Galliam
2021 427 2278 487 venerat,
2303 417 2512 496 (cujus

520 519 683 584 pater
710 509 1107 566 Imanuentius
1136 509 1195 564 in
1224 527 1294 565 ea
1322 509 1556 566 civitate
1587 525 1830 584 regnum
1855 507 2199 576 obtinuerat,
2231 507 2510 564 interfec-

516 607 727 674 tusque
766 607 893 655 erat
934 615 971 654 a
1007 596 1488 669 Cassivellaun03
1547 597 1670 672 ipse
1713 595 1855 672 fuga
1907 605 2148 653 mortem
2189 595 2510 673 vitaverat)

518 685 737 764 legatos
759 685 829 743 ad
850 685 1165 744 Caesarem
1186 687 1434 756 mittunt,
1453 685 1932 762 pollicenturque,
1957 704 2084 743 sese
2119 686 2177 742 ei
2209 684 2512 742 dedituros

454 785 493 840 5
520 785 691 850 atque
720 776 998 850 imperata
1026 773 1313 831 facturos:
1365 784 1582 850 petunt,
1607 783 1670 831 ut
1691 772 2160 831 Mandubratium
2189 775 2266 831 ab
2287 775 2510 849 injuria

516 863 943 922 Cassivellauni
984 861 1270 931 defendat,
1301 871 1474 940 atque
1503 863 1563 920 in
1591 863 1885 920 civitatem
1921 863 2124 932 mittat,
2155 864 2259 938 qui
2289 863 2512 938 praesit

518 953 939 1030 imperiumque
992 951 1263 1009 obtineat.
1383 951 1495 1008 His
1547 951 1768 1009 Caesar
1821 953 2064 1028 imperat
2115 951 2350 1009 obsides
2407 970 2507 1022 11„

518 1040 987 1116 frumentumque
1042 1041 1341 1110 exercitui,
1395 1039 1980 1117 Mandubratiumque
2029 1039 2102 1099 ad
2147 1059 2252 1098 eos
2307 1042 2504 1098 mittit.

518 1128 611 1187 nli
638 1131 921 1206 imperata
946 1129 1219 1188 celeriter
1246 1127 1528 1199 fecerunt,
1549 1129 1776 1187 obsides
1803 1129 1876 1187 ad
1901 1147 2212 1186 numerum
2245 1128 2506 1188 frumen-

416 1225 491 1282 10
514 1228 689 1296 taque
718 1220 1018 1276 miserunt.

598 1307 759 1366 XXI.
806 1307 1259 1365 Trinobantibus
1298 1307 1566 1377 defensis,
1597 1316 1770 1383 atque
1811 1307 1884 1366 ob
1919 1309 2078 1365 omni
2119 1308 2377 1366 militurn
2420 1310 2504 1365 in-

510 1397 671 1474 juria
712 1397 1023 1473 prohibitis,
1068 1396 1431 1473 Cenimagni,
1478 1396 1826 1473 Segontiaci,
1879 1397 2197 1467 Ancalites,
2246 1397 2504 1467 Bibroci,

514 1487 699 1556 Cassi,
728 1486 1109 1564 legationibus
1136 1485 1327 1544 missis
1359 1505 1486 1544 sese
1519 1485 1760 1544 Caesari
1801 1486 2036 1546 dedunt.
2121 1487 2220 1544 Ab
2249 1487 2342 1544 his
2371 1507 2504 1564 cog-

514 1577 719 1646 noscit,
746 1593 859 1632 non
903 1574 1071 1652 longe
1110 1593 1183 1632 ex
1222 1595 1293 1632 eo
1332 1575 1460 1632 loco
1499 1573 1768 1651 oppidum
1807 1575 2234 1633 Cassivellauni
2277 1576 2504 1646 abesse,

414 1671 491 1726 15
514 1665 677 1724 silvis
726 1664 1149 1740 paludibusque
1198 1665 1501 1733 munitum,
1559 1683 1674 1740 quo
1721 1665 1860 1721 satis
1907 1681 2157 1742 magnus
2200 1665 2506 1722 hominum

514 1755 853 1831 pecorisque
882 1769 1161 1810 numerus
1188 1753 1543 1810 convenerit.
1627 1751 1949 1828 (Oppidum
1992 1763 2188 1810 autem
2229 1753 2504 1810 Britanni

514 1853 739 1912 vocant,
774 1860 957 1918 quum
994 1842 1173 1899 silvas
1214 1842 1517 1917 impeditas
1545 1840 1698 1898 vallo
1743 1851 1916 1918 atque
1950 1839 2100 1899 fossa
2141 1843 2502 1912 munierunt,

512 1947 627 2004 quo
642 1931 987 1988 incursionis
1010 1931 1255 1988 hostium
1274 1931 1540 1988 vitandae
1563 1947 1744 1988 causa
1759 1932 2070 1988 convenire
2092 1932 2502 2007 consuerunt.)

513 2016 603 2074 Eo
626 2019 1005 2093 proficiscitur
1026 2037 1163 2076 cum
1186 2019 1508 2096 legionibus
1527 2039 1542 2075 ε
1581 2018 1775 2076 locum
1799 2021 2010 2095 reperit
2029 2022 2267 2097 egregie
2287 2030 2504 2078 natura

406 2109 489 2167 20
514 2120 685 2183 atque
707 2125 879 2184 opere
902 2109 1187 2166 munitum
1209 2129 1227 2182 3
1268 2117 1460 2167 tamen
1482 2108 1639 2167 hunc
1659 2108 1886 2166 duabus
1905 2128 1979 2167 ex
2001 2108 2259 2185 partibus
2281 2128 2502 2187 oppug-

512 2214 655 2255 nare
684 2196 993 2255 contendit.
1068 2196 1293 2268 HosteS,
1318 2198 1610 2274 paulisper
1635 2198 1862 2267 morati,
1893 2199 2140 2256 militum
2167 2210 2502 2257 nostrorum

510 2284 787 2362 impetum
816 2304 929 2344 non
957 2285 1229 2356 tulerunt,
1254 2304 1496 2361 seseque
1525 2287 1640 2344 alia
1667 2304 1742 2344 ex
1769 2297 1932 2363 parte
1953 2288 2144 2363 oppidi
2171 2288 2498 2363 ejecerunt.

512 2374 764 2453 Magnus
791 2376 869 2432 ibi
898 2394 1177 2433 numerus
1212 2377 1436 2453 pecoris
1474 2386 1754 2452 repertus,
1785 2376 2070 2453 multique
2097 2378 2160 2433 in
2189 2376 2332 2455 fuga
2361 2388 2501 2435 sunt

513 2464 910 2540 comprehensi
940 2473 1111 2539 atque
1140 2462 1446 2522 interfecti.

404 2562 485 2615 25
590 2552 786 2610 XXII.
832 2552 987 2609 Dum
1027 2553 1171 2611 haec
1202 2553 1261 2609 in
1296 2554 1388 2610 his
1415 2552 1559 2611 locis
1586 2564 1888 2630 geruntur,
1916 2554 2397 2612 Cassivellaunus
2425 2556 2504 2613 ad

510 2641 801 2711 Cantium,
816 2642 967 2717 quod
990 2660 1116 2699 esse
1140 2642 1209 2699 ad
1234 2660 1398 2699 mare
1419 2660 1596 2718 supra
1617 2642 2152 2713 demonstravimus,
2173 2645 2387 2719 quibus
2408 2662 2500 2701 re-

509 2731 775 2807 gionibus
794 2742 1043 2806 quatuor
1072 2750 1238 2809 reges
1260 2741 1585 2807 praeerant,
1608 2731 1960 2809 Cingetorix,
1982 2731 2294 2801 Carvilius,
2316 2732 2501 2791 Taxi-

510 2820 799 2897 maguluS,
816 2820 1103 2897 Segouax,
1118 2822 1362 2879 nuncios
1380 2821 1565 2891 mittit,
1579 2831 1750 2895 atque
1769 2822 1858 2877 his
1873 2822 2134 2897 imperat,
2155 2823 2258 2891 uti,
2279 2824 2504 2881 coactis

384 2980 395 2990 ,
508 2910 775 2966 omnibus
812 2910 1010 2984 copiis,
1035 2920 1225 2967 castra
1254 2911 1489 2967 navalia
1517 2910 1588 2967 de
1619 2910 1926 2986 improviso
1955 2910 2290 2967 adoriantur
2317 2921 2504 2987 atque

406 3002 485 3059 ³0
506 3007 859 3074 oppugnent.
905 2996 953 3054 Ii
970 3016 1151 3073 quum
1170 2998 1242 3055 ad
1262 3009 1452 3056 castra
1469 3000 1776 3067 venissent,
1791 3000 1986 3067 nostri,
2001 3000 2300 3075 eruptione
2319 3000 2500 3072 facta,

508 3087 705 3145 multis
730 3105 931 3145 eorum
960 3086 1296 3156 intersectis,
1328 3098 1495 3164 capto
1524 3089 1698 3145 etiam
1735 3088 1912 3143 nobili
1940 3088 2088 3145 duce
2117 3088 2501 3166 Lugotorige,

508 3194 645 3233 suos
664 3176 985 3235 incolumes
1006 3176 1380 3234 reduxerunt.
1452 3176 1946 3245 Cassivellaunus),
1971 3177 2080 3233 hoc
2103 3178 2318 3253 proelio
2347 3196 2498 3236 nun-

506 3265 675 3333 ciat0,
704 3275 784 3323 tot
812 3265 1167 3323 detrimentis
1196 3267 1469 3341 acceptis,
1501 3266 1736 3323 vastatis
1757 3264 1990 3335 finibus,
2027 3267 2278 3323 maxime
2317 3268 2500 3325 etiam

508 3363 799 3430 permotus
842 3354 1165 3413 defectione
1206 3346 1525 3424 civitatum,
1555 3353 1775 3432 legatos
1815 3372 1918 3429 per
1945 3355 2286 3412 Atrebatem
2323 3356 2496 3413 Corn.

406 3450 483 3506 35
510 3443 691 3499 mium
712 3442 783 3500 de
806 3442 1087 3501 deditione
1112 3444 1184 3500 ad
1204 3444 1517 3500 Caesarem
1547 3444 1734 3501 mitti-t.
1806 3443 2042 3513 Caesar,
2061 3462 2242 3519 quum
2263 3446 2496 3503 statuis.

508 3538 597 3589 set
635 3531 886 3588 hiemem
923 3532 983 3587 in
1024 3532 1344 3589 continenti
1387 3541 1614 3609 propter
1655 3532 1982 3607 repentinos
2031 3532 2262 3589 Galliae
2301 3543 2496 3592 motus

508 3636 703 3694 agere,
722 3638 910 3695 neque
928 3619 1173 3677 multum
1196 3622 1426 3677 aestatis
1443 3630 1784 3697 superesset,
1805 3630 1976 3697 atque
1995 3622 2052 3677 id
2072 3620 2244 3678 facile
2265 3624 2498 3683 extrahi

508 3722 675 3779 posse
702 3707 1071 3780 intelligeret,
1100 3708 1327 3765 obsides
1352 3709 1636 3785 imperat3
1681 3719 1740 3767 et
1767 3708 1906 3785 quid
1933 3710 1995 3767 in
2023 3729 2204 3768 annos
2229 3712 2498 3787 singulos

510 3791 815 3861 vectigalis
868 3791 1087 3865 Populo
1142 3794 1404 3852 Romano
1459 3796 1764 3855 Britannia
1819 3798 2113 3874 penderet,
2159 3802 2494 3861 constituit:
