2709 4300
391 265 472 326 10
1097 274 1183 319 DE
1223 273 1434 320 natm
1472 271 1759 319 GALLxco
2164 271 2479 346 [pau-1³.

569 412 672 472 XI.
717 410 972 470 Helvetii
1008 411 1130 488 jam
1160 430 1263 488 per
1291 411 1588 487 angustias
1614 420 1673 468 et
1699 409 1845 467 fines
1884 407 2291 484 Sequanorum
2331 427 2488 467 suas

487 504 682 579 copias
723 501 1114 571 traduxerant,
1160 510 1218 558 et
1261 501 1321 558 in
1360 501 1703 558 Aeduorum
1746 499 1893 557 fines
1934 508 2334 575 pervenerant,
2376 519 2481 558 eo-

436 659 445 666 ·
489 610 734 668 rumque
763 609 932 669 agros
959 590 1403 667 populabantur.
1444 603 1450 608 '
1489 589 1704 661 Aedui,
1734 607 1917 666 quum
1954 607 2017 646 se
2046 603 2269 664 sua‘que
2300 588 2373 646 ab
2398 589 2485 647 iis

487 680 796 740 defendere
823 699 936 739 non
965 690 1209 758 possent,
1241 680 1461 756 legatos
1489 679 1561 737 ad
1588 679 1902 738 Caesarem
1946 680 2177 736 mittunt
2206 687 2484 756 rogatum

425 777 464 832 ὖ
489 771 812 830 auxiliumt
854 771 944 829 Ita
969 791 1032 828 se
1073 771 1229 830 omni
1267 779 1523 846 tempore
1564 769 1635 828 de
1677 768 1897 846 Populo
1938 768 2199 826 Romano
2238 770 2485 827 meritos

489 881 634 931 esse,
679 871 760 932 ut,
801 879 984 937 paene
1029 861 1092 917 in
1120 869 1431 936 conspectu
1480 860 1772 918 exercitus
1818 859 2015 929 nostri,
2068 859 2194 935 agri
2234 859 2479 930 vastari,

488 951 658 1010 liberi
705 969 906 1010 eorum
953 951 1016 1008 in
1063 951 1403 1008 servitutem
1452 949 1680 1020 abduci,
1730 948 1939 1026 oppida
1985 948 2311 1024 expugnari
2358 967 2481 1006 non

489 1042 814 1100 debuerint.
901 1041 1122 1100 Eodem
1167 1049 1423 1116 tempore
1470 1057 1587 1116 quo
1637 1039 1851 1109 Aedui,
1899 1040 2179 1097 Ambarri
2223 1045 2478 1117 quoque,

489 1133 803 1192 necessarii
847 1142 905 1190 et
947 1131 1367 1210 consanguinei
1412 1130 1772 1200 Aeduorum,
1814 1129 2128 1188 Caesarem
2172 1121 2481 1188 certiorem

391 1227 468 1284 10
493 1221 732 1294 faciunt,
755 1241 900 1292 sese,
931 1221 1288 1299 depopulatis
1315 1221 1490 1298 agris,
1510 1237 1625 1278 non
1656 1219 1827 1278 facile
1858 1219 1931 1277 ab
1957 1217 2177 1296 oppidis
2202 1219 2322 1277 vim
2350 1219 2480 1276 hos-

490 1315 636 1372 tium
664 1313 1002 1390 prohibere:
1043 1313 1178 1370 item
1210 1311 1571 1388 Allobroges,
1615 1311 1717 1387 qui
1758 1321 1915 1368 trans
1945 1310 2291 1368 Rhodanum
2318 1311 2484 1368 vicos

494 1403 994 1480 possessionesque
1021 1402 1324 1472 habebant,
1357 1399 1498 1478 suga
1538 1420 1601 1460 se
1644 1400 1715 1458 ad
1743 1400 2057 1459 Caesarem
2088 1401 2391 1476 recipiunt,
2422 1409 2486 1458 et

491 1492 898 1564 demonstrant,
921 1493 1047 1562 sibi,
1079 1501 1309 1569 praeter
1335 1491 1463 1568 agri
1490 1490 1697 1561 solum,
1722 1491 1865 1548 nihil
1894 1509 2020 1548 esse
2043 1491 2273 1566 reliqui.
2332 1489 2484 1555 Qui-

493 1583 602 1641 bus
643 1584 816 1641 rebus
857 1582 1158 1653 adductus,
1193 1582 1413 1641 Caesar
1456 1599 1567 1640 non
1614 1580 2064 1658 exspectandum
2112 1580 2222 1637 sibi
2264 1581 2486 1651 statuit,

395 1677 470 1732 15
493 1673 652 1744 dum,
693 1675 962 1733 omnibus
987 1661 1260 1732 'fortunis
1313 1674 1601 1732 sociorum
1656 1673 2029 1748 consumptis,
2086 1671 2145 1728 in
2200 1671 2489 1730 Santonos

495 1763 753 1822 Helvetii
783 1764 1170 1840 pervenirent.

578 1852 710 1911 XII.
757 1852 1006 1910 Flumen
1049 1863 1135 1910 est
1178 1853 1352 1923 Arar,
1398 1854 1548 1930 quod
1592 1871 1697 1930 per
1723 1853 1869 1910 fines
1897 1849 2241 1910 Aeduorum
2283 1863 2341 1910 et.
2382 1851 2489 1910 Se-

495 1961 820 2019 quanorum
863 1943 923 1998 in
969 1941 1314 2003 Rhodanum
1362 1942 1567 2012 influit,
1618 1940 1944 1999 incredibili
1988 1941 2245 2013 lenitate,
2294 1944 2375 2000 ita
2423 1950 2494 2000 ut

497 2031 702 2103 oculiS,
733 2033 792 2089 in
822 2041 1011 2090 utram
1053 2041 1272 2109 partem
1318 2033 1480 2102 fluat,
1520 2031 1773 2107 judicari
1814 2051 1928 2089 non
1958 2033 2151 2108 possit.
2236 2031 2301 2090 Id
2345 2031 2488 2090 Hel-

394 2123 476 2181 20
500 2121 638 2181 vetii
685 2121 904 2180 ratibus
953 2139 1022 2180 ac
1071 2121 1338 2181 lintribus
1380 2122 1603 2205 junctis
1650 2121 2021 2205 transibant3
2082 2121 2191 2181 Ubi
2240 2141 2347 2200 per
2390 2141 2488 2183 ex·

499 2212 812 2289 ploratores
838 2211 1058 2269 Caesar
1083 2213 1295 2269 certior
1323 2211 1514 2270 factus
1541 2222 1645 2281 est,
1674 2222 1793 2271 tres
1814 2212 1937 2287 jam
1968 2212 2267 2288 copiarum
2296 2222 2491 2289 partes

501 2301 808 2361 Helvetios
843 2302 899 2360 id
947 2302 1162 2359 flumen
1207 2302 1553 2373 traduxisse,
1599 2312 1867 2379 quartam
1896 2320 2035 2361 vero
2077 2312 2299 2379 partem
2342 2304 2491 2361 citra

502 2392 716 2451 flumen
747 2392 986 2449 Ararim
1013 2392 1298 2467 reliquam
1327 2411 1493 2465 esse3
1538 2390 1608 2450 de
1650 2394 1817 2450 tertia
1845 2391 2046 2469 vigilia
2074 2411 2210 2451 cum
2253 2392 2490 2471 legioni-

500 2483 610 2539 bus
637 2483 822 2540 tribus
849 2502 882 2539 e
910 2482 1118 2541 castris
1145 2480 1459 2558 profectuS,
1505 2481 1576 2540 ad
1606 2502 1735 2540 eam
1780 2492 1999 2558 partem
2030 2483 2307 2559 pervenit,
2338 2502 2491 2561 quae

398 2574 478 2629 25
501 2572 755 2629 nondum
785 2572 1001 2629 flumen
1031 2572 1359 2629 transierat.
1444 2570 1564 2629 Eos
1590 2572 1886 2648 impeditos
1920 2581 1977 2629 et
2006 2573 2365 2647 inopinantes
2394 2592 2491 2650 ag-

500 2682 755 2742 gressus,
787 2682 1057 2741 magnam
1087 2682 1288 2721 eorum
1317 2672 1539 2739 partem
1581 2662 1865 2721 conciditt
1909 2663 2119 2739 reliqui
2148 2660 2323 2740 fugae
2365 2681 2495 2721 sese

504 2753 872 2824 mandarunt,
903 2764 1078 2829 atque
1107 2754 1166 2811 in
1195 2754 1489 2830 proximas
1549 2752 1731 2811 silvas
1760 2752 2120 2811 abdiderunt.
2206 2751 2263 2809 Is
2306 2770 2493 2831 pagus

505 2845 905 2922 appellabatur
932 2844 1292 2921 Tigurinus:
1335 2863 1472 2902 nam
1500 2844 1685 2902 omnis
1726 2843 1935 2901 civitas
1962 2842 2238 2901 Helvetia
2265 2844 2325 2900 in
2353 2862 2492 2919 qua-

503 2943 636 2992 tuor
662 2952 840 3011 pagos
867 2934 1052 2991 divisa
1079 2944 1185 2991 est.
1271 2933 1389 2991 Hic
1428 2952 1613 3011 pagus
1655 2951 1825 3003 unus,
1854 2952 2039 3009 quum
2066 2932 2233 2989 domo
2261 2933 2492 3003 exisset,

311 3068 315 3073 .
401 3024 480 3080 30
505 3035 733 3101 patrum
761 3032 1086 3081 nostrorum
1129 3024 1407 3081 memoria
1438 3022 1511 3081 L.
1542 3022 1811 3079 Cassium
1850 3022 2148 3079 consulem
2190 3021 2491 3081 interfece-

507 3124 612 3185 rat,
657 3123 715 3173 et
755 3114 885 3190 ejus
929 3114 1251 3171 exercitum
1281 3114 1391 3170 sub
1430 3113 1643 3191 jugum
1686 3112 1941 3169 miserat.
2027 3110 2133 3183 Ita,
2164 3113 2287 3170 sive
2330 3132 2491 3187 casu,

507 3204 628 3262 sive
657 3204 898 3263 consilio
926 3202 1185 3260 Deorum
1226 3201 1658 3271 immortalium,
1702 3219 1855 3277 quae
1877 3219 2033 3277 ‚pars
2074 3202 2325 3260 civitatis
2353 3200 2493 3259 Hel-

507 3294 696 3353 vetiae
741 3295 1030 3371 insignem
1073 3292 1464 3351 calamitatem
1514 3290 1732 3369 Populo
1780 3290 2041 3349 Romano
2084 3291 2378 3363 intulerat,
2426 3312 2495 3349 ea

510 3384 777 3459 princeps
805 3402 1017 3459 poenas
1045 3383 1336 3459 persolvit.
1420 3381 1559 3447 Qua
1580 3383 1641 3438 in
1670 3399 1731 3439 re
1761 3381 1979 3439 Caesar
1998 3400 2111 3439 non
2140 3380 2329 3439 solum
2358 3382 2494 3458 pub-

405 3472 482 3528 35
509 3470 671 3541 licaS,
701 3472 800 3529 sed
829 3474 1006 3531 etiam
1035 3474 1288 3551 privatas
1328 3472 1578 3548 injurias
1622 3472 1781 3529 ultus
1824 3480 1929 3541 est,
1960 3470 2113 3548 quod
2154 3472 2283 3547 ejus
2311 3473 2495 3530 soceri

510 3561 584 3621 L.
613 3561 835 3620 Pisonis
863 3582 1058 3633 avum,
1089 3561 1163 3621 L.
1195 3563 1463 3621 Pisonem
1490 3562 1766 3640 legatum,
1798 3560 2072 3639 Tigurini
2102 3560 2303 3619 eodem
2332 3580 2494 3639 proe-

509 3653 606 3720 lio,
635 3671 750 3728 quo
775 3652 1060 3721 Cassium,
1091 3651 1523 3710 interfecerant.

593 3740 753 3798 XIII.
799 3740 928 3797 Hoc
969 3738 1184 3816 proelio
1229 3739 1397 3810 sacto,
1439 3742 1693 3816 reliquas
1737 3740 1937 3817 copias
1984 3740 2393 3800 Helvetiorum
2434 3751 2496 3799 ut

513 3830 788 3905 consequi
816 3838 1020 3903 posset,
1052 3837 1279 3902 pontem
1314 3830 1375 3886 in
1406 3830 1586 3886 Arari
1628 3828 1959 3888 faciendum
1988 3841 2174 3901 curat,
2206 3842 2377 3907 atque
2418 3830 2497 3887 ita
