2709 4300
434 271 579 348 114'
1140 303 1229 350 ns
1264 302 1476 352 nanno
1511 302 1796 352 ωιιιοο
2315 307 2527 360 [oms.-

528 438 847 507 oohortium
874 459 918 498 v
944 439 1367 518 impedimentis
1407 441 1624 511 relicto,
1653 459 1792 500 oum
1831 457 1955 500 xxv
1983 442 2315 502 cohortibus
2353 463 2524 522 mag-

527 543 717 603 noque
744 530 1005 604 equitatu
1032 541 1232 588 eontra
1258 531 1476 590 hostem
1507 531 1908 606 proficiscitur,
1937 541 2014 601 et,
2045 531 2204 591 mille
2233 553 2524 609 passuum

526 615 852 676 intermisso
894 621 1095 695 spatiO,
1138 631 1331 678 castra
1375 621 1710 680 eommunit.
1793 619 1943 678 Erat
1992 621 2142 678 inter
2183 621 2524 688 Labienum

527 715 699 781 atque
740 708 959 766 hostem
1002 709 1225 767 difficili
1266 711 1514 768 transitu
1559 709 1794 780 flumen,
1847 710 2102 786 ripisque
2150 714 2516 790 praeruptis:

462 801 501 856 ⁸
526 793 633 853 boo
660 814 849 872 neque
877 800 999 874 ipse
1026 799 1271 858 transire
1300 799 1548 858 habebat
1586 800 1648 858 in
1689 801 1898 869 animo,
1919 818 2112 876 neque
2139 800 2328 860 hostes
2353 813 2518 861 tran·

523 886 736 944 situros
778 888 1163 947 existimabat.
1249 890 1597 968 Augebatur
1649 889 2004 948 auxiliorum
2049 889 2298 965 quotidie
2353 909 2514 966 spes.

524 973 809 1052 Loquitur
836 977 899 1034 in
922 978 1163 1035 consilio
1191 978 1402 1054 palam,
1427 978 1721 1044 Quoniam
1749 977 2031 1036 Germani
2051 979 2516 1054 appropinquare

522 1065 805 1136 dieantur,
828 1087 955 1124 sese
976 1087 1115 1126 suas
1135 1068 1540 1142 exercitusque
1563 1065 1822 1124 fortunas
1839 1069 1900 1124 in
1929 1067 2168 1124 dubium
2196 1085 2310 1124 non
2337 1067 2516 1126 devo.

522 1166 811 1226 caturam,
834 1167 891 1216 et
918 1167 1139 1232 postero
1154 1157 1247 1214 die
1269 1158 1456 1232 prima
1477 1157 1610 1214 luce
1631 1166 1824 1214 castra
1847 1167 2154 1214 moturum.
2223 1157 2518 1215 Celeriter

423 1246 497 1302 m
522 1245 669 1304 haee
698 1246 769 1304 ad
796 1247 987 1304 hostes
1013 1245 1370 1315 deferuntur,
1403 1255 1464 1303 ut
1501 1264 1574 1302 ex
1615 1263 1828 1322 magno
1869 1245 2174 1303 Gallorum
2215 1247 2518 1321 equitatus

520 1352 763 1392 numero
830 1335 1137 1394 nonnullos
1190 1335 1442 1394 Gallicis
1495 1333 1670 1392 rebus
1725 1334 1922 1392 favere
1977 1343 2186 1392 natura
2237 1337 2512 1412 cogebat.

522 1422 817 1482 Labienus
842 1433 1037 1493 noctu,
1058 1424 1305 1482 tribunis
1326 1424 1572 1482 militum
1603 1425 1918 1500 primisque
1943 1423 2240 1482 ordinibus
2267 1427 2516 1496 coactis,

520 1514 655 1590 quid
686 1515 781 1572 sui
807 1513 880 1572 sit
906 1514 1149 1582 consilii,
1180 1514 1456 1589 proponit,
1485 1523 1542 1572 et
1567 1531 1683 1589 quo
1718 1511 1950 1572 facilius
1989 1513 2248 1582 hostibus
2285 1515 2517 1574 timoris

519 1603 613 1660 det
666 1603 1069 1680 suspicionem,
1112 1603 1333 1678 majore
1381 1603 1622 1678 strepitu
1667 1611 1726 1660 et
1766 1602 2038 1671 tumultu,
2079 1621 2257 1676 quam
2301 1602 2512 1679 Populi

421 1697 493 1752 15
522 1692 770 1752 Romani
830 1691 939 1750 fert
994 1692 1366 1760 consuetudo,
1407 1703 1600 1750 cestra
1647 1692 1876 1752 moveri,
1909 1691 2092 1766 jubet.
2179 1690 2292 1748 His
2333 1693 2514 1752 rebus

520 1783 695 1860 fugae
722 1783 971 1840 similem
1000 1781 1408 1858 profectionem
1449 1779 1648 1840 efficit.
1731 1779 1898 1840 Haec
1925 1797 2152 1854 quoque
2181 1799 2285 1854 per
2313 1782 2510 1857 explo-

518 1883 737 1930 ratores
764 1882 897 1930 ante
926 1871 1139 1940 lucem,
1168 1871 1229 1927 in
1257 1879 1418 1928 tanta
1445 1869 1862 1946 propinquitate
1903 1877 2246 1938 castrorum,
2275 1869 2352 1926 sd
2379 1871 2506 1928 hos-

518 1971 605 2018 ωε
632 1959 991 2018 deferuntur.

598 2049 762 2108 VIII.
807 2049 927 2106 Vix
968 2068 1177 2128 agmen
1218 2049 1594 2108 novissimum
1635 2057 1800 2106 extra
1841 2047 2188 2106 munitiones
2213 2066 2506 2123 processe-

412 2145 495 2203 20
520 2147 627 2210 rat,
676 2158 857 2217 quum
906 2139 1083 2209 Galli,
1126 2139 1404 2199 cohortati
1445 2138 1596 2197 inter
1637 2158 1720 2207 se,
1761 2135 1858 2197 Ne
1901 2147 2188 2214 speratam
2231 2139 2511 2213 praedam

518 2248 593 2289 ex
632 2230 899 2289 manibus
940 2230 1331 2301 dimitterent3
1375 2228 1614 2306 longum
1656 2244 1800 2297 esse,
1845 2228 2164 2303 perterritis
2203 2226 2504 2299 Romanis,

520 2318 945 2379 Germanorum
972 2320 1255 2376 auxilium
1284 2328 1620 2395 exspectare
1644 2337 1661 2390 3
1707 2335 1896 2393 neque
1925 2336 2091 2375 suam
2119 2317 2235 2393 pati
2258 2318 2504 2393 dignita-

516 2418 653 2479 tem,
672 2420 735 2467 ut
758 2412 936 2469 tantis
956 2409 1139 2484 copiis
1168 2418 1287 2465 tam
1316 2409 1592 2484 exiguam
1621 2424 1880 2475 manum,
1909 2407 2247 2483 praesertim
2277 2406 2502 2483 fugien-

517 2508 633 2557 tem
656 2508 829 2575 atque
852 2498 1201 2575 impeditam,
1226 2496 1439 2555 adoriri
1459 2516 1570 2555 non
1595 2488 1846 2555 aude'ant
1869 2515 1888 2568 3
1920 2496 2136 2555 flumen
2157 2496 2424 2566 transire,
2447 2506 2508 2555 et

412 2598 489 2653 ,⁴25
517 2588 717 2665 iniquo
754 2587 883 2646 loco
920 2588 1204 2665 proelium
1244 2587 1601 2645 committere
1643 2604 1757 2643 non
1798 2584 2078 2643 dubitant.
2162 2584 2338 2650 Quae
2363 2584 2504 2643 .fore

516 2678 843 2753 suspicatus
888 2676 1202 2746 Labienus,
1234 2686 1297 2735 ut
1336 2695 1537 2733 omnes
1579 2676 1726 2735 citra
1765 2676 1984 2733 flumen
2011 2674 2266 2744 eliceret,
2296 2674 2504 2733 eadem

518 2784 659 2823 usus
714 2767 1079 2823 simulatione
1142 2766 1382 2835 itineris,
1447 2764 1672 2841 placide
1740 2763 2234 2841 progrediebatur.
2301 2763 2502 2833 Tum,

516 2858 846 2933 praemissis
893 2855 1133 2933 paulum
1182 2854 1622 2931 impedimentis,
1667 2864 1838 2929 atque
1879 2854 1940 2911 in
1980 2852 2204 2911 tumulo
2249 2852 2504 2927 quodam

516 2946 850 3004 collocatis:
910 2946 1175 3013 Habetis,
1224 2945 1428 3020 inquit,
1477 2944 1708 3013 milites&
1749 2962 1928 3019 quam
1972 2942 2208 3019 petistis,
2255 2940 2501 2999 faoulta.

412 3044 488 3099 30
514 3046 671 3093 temz
712 3036 933 3093 hostem
968 3033 1247 3111 impedito
1290 3043 1464 3109 atque
1507 3033 1706 3109 iniquo
1747 3032 1876 3091 loeo
1917 3032 2162 3091 tenetis:
2201 3041 2502 3106 praestate

514 3126 755 3183 eandem
772 3126 935 3183 nobis
950 3124 1197 3182 ducibus
1214 3124 1506 3192 virtutem,
1529 3141 1706 3197 quam
1733 3138 2148 3199 saepenumero
2168 3120 2503 3195 imperatori

514 3215 909 3290 praestitistis:
952 3214 1153 3271 adesse
1178 3232 1333 3282 eum,
1363 3222 1421 3269 et
1449 3212 1594 3269 haee
1623 3230 1818 3269 coram
1859 3228 2121 3279 cernere,
2149 3210 2499 3267 existimate.

512 3303 702 3361 Simul
746 3305 917 3380 signa
958 3303 1031 3360 ad
1074 3303 1294 3361 hostem
1336 3302 1596 3359 converti
1637 3302 1940 3389 acisemque
1981 3299 2154 3375 dirigi
2189 3298 2388 3375 jubet:
2443 3308 2506 3355 et

513 3392 717 3469 paucis
756 3393 963 3451 turmis
1004 3390 1285 3468 praesidio
1340 3390 1414 3448 ad
1472 3390 1880 3466 impedimenta
1935 3388 2202 3458 dimissis,
2249 3388 2504 3463 reliquos

410 3494 485 3549 35
513 3481 735 3555 equites
762 3482 833 3539 ad
862 3480 1047 3539 latera
1072 3480 1335 3557 disponit.
1415 3478 1698 3538 Celeriter
1739 3480 1932 3549 nostri,
1963 3478 2216 3537 clamore
2254 3478 2500 3546 sublato,
2586 3523 2591 3526 .

511 3570 630 3647 pila
656 3570 717 3627 in
745 3570 933 3628 hostes
960 3571 1291 3627 immittunt.
1376 3568 1488 3639 Illi,
1520 3569 1620 3625 ubi
1662 3579 1887 3645 praeter
1912 3586 2090 3645 spem,
2119 3586 2264 3644 quos
2291 3564 2503 3641 fugere

512 3658 839 3728 credebant,
868 3657 1089 3715 infestis
1130 3660 1311 3735 signis
1350 3658 1424 3715 ad
1467 3678 1530 3714 se
1571 3658 1656 3715 ire
1699 3658 1984 3727 viderunt,
2015 3658 2293 3733 impetum
2335 3654 2506 3713 modo

514 3744 669 3801 ferre
709 3766 823 3804 non
864 3756 1187 3821 potuerunt,
1218 3766 1289 3803 ac
1326 3748 1510 3821 primo
1545 3764 1836 3805 concursu
1873 3747 1935 3803 in
1981 3746 2180 3823 fugam
2228 3744 2504 3821 conjecti,

516 3832 803 3905 proximu
830 3834 1007 3891 silvas
1034 3834 1396 3909 petiverunt:
1423 3854 1570 3911 quos
1599 3834 1898 3895 Labienus
1917 3836 2180 3913 equitatu
2199 3843 2502 3893 consecta-
