2709 4300
423 279 506 337 88
1115 291 1204 338 ΒΕ
1225 291 1439 340 mm
1460 291 1757 340 GAmoo.
2278 292 2412 346 [Gn.
2432 299 2507 340 2⁹.

523 426 674 502 quod
716 425 1130 502 intelligebant,
1173 429 1457 486 maximas
1498 429 1773 498 nationes,
1810 447 1963 504 quae
2010 426 2225 504 proelio
2270 437 2510 486 conten-

523 515 753 585 dissent,
798 516 994 592 pulsas
1033 529 1447 594 superatasque
1500 505 1644 587 ess'e,
1694 519 2161 592 continentesque
2203 517 2383 576 silvas
2433 537 2511 576 cc

523 605 764 681 paludes
817 605 1118 674 habebant,
1174 623 1242 664 co
1295 625 1359 664 se
1412 624 1633 681 suaque
1686 607 1880 663 omnia
1926 607 2313 664 contulerunt.
2404 606 2509 664 Ad

521 711 770 769 quarum
798 695 1027 751 initium
1047 695 1326 752 silvarum
1360 713 1542 770 quum
1560 695 1779 752 Cacsar
1798 696 2171 770 pervenisset,
2190 705 2507 771 castraque

459 785 498 842 δ
525 784 752 840 munire
780 783 1132 852 instituisset,
1161 801 1350 858 neque
1380 785 1554 841 hostis
1586 784 1817 840 interim
1845 785 2005 840 visus
2032 793 2199 852 esset,
2228 783 2509 858 dispersis

521 872 582 928 in
610 889 782 948 opere
809 873 1032 940 nostris,
1061 872 1250 929 subito
1285 890 1360 930 ex
1402 873 1667 929 omnibus
1710 872 1967 947 partibus
2008 873 2191 929 silvae
2234 873 2505 930 evolave-

524 971 674 1030 runt,
703 969 762 1018 et
787 962 848 1018 in
877 971 1096 1018 nostros
1133 961 1410 1036 impetum
1452 958 1733 1018 fecerunt.
1814 960 2013 1020 Nostri
2040 960 2310 1018 celeriter
2338 980 2507 1020 arma

521 1059 820 1125 ceperunt,
851 1067 1064 1124 eosque
1106 1051 1164 1106 in
1207 1049 1384 1106 silvas
1426 1048 1799 1124 repulerunt;
1862 1058 1939 1119 et,
1980 1048 2375 1124 compluribus
2416 1051 2505 1106 in-

522 1138 796 1208 terfectis,
826 1140 1054 1216 longius
1093 1138 1547 1215 impeditioribus
1588 1139 1733 1196 locis
1772 1139 1980 1208 secuti,
2009 1157 2225 1215 paucos
2262 1157 2338 1198 ex
2378 1141 2505 1197 suis

423 1231 498 1287 10
523 1227 986 1304 deperdiderunt.

605 1316 826 1374 XXIX.
891 1315 1154 1392 Reliquis
1199 1315 1471 1392 deinceps
1516 1312 1735 1386 diebus,
1774 1315 1993 1375 Caesar
2034 1316 2211 1374 silvas
2254 1317 2503 1374 caedere

521 1405 802 1477 instituit3
847 1415 922 1474 et,
964 1423 1038 1462 ne
1075 1406 1208 1480 quis
1249 1405 1569 1464 inermibus
1609 1405 2179 1480 imprudentibusque
2222 1405 2505 1464 militibus

521 1494 598 1552 eb
623 1494 802 1552 latere
841 1494 1092 1570 impetus
1129 1494 1257 1552 fieri
1298 1504 1507 1570 posset,
1546 1513 1775 1552 omnem
1816 1512 1949 1552 eum
2000 1494 2319 1562 materiem,
2346 1511 2503 1569 quse

521 1592 648 1640 erat
673 1601 866 1653 caesa,
896 1601 1235 1640 conversam
1260 1583 1338 1640 cd
1380 1583 1597 1642 hostem
1637 1582 1977 1652 collocabat,
2004 1591 2063 1640 et
2102 1600 2205 1657 pro
2232 1582 2386 1640 vello
2426 1582 2503 1640 ad

424 1675 496 1730 15
523 1682 836 1748 utrumque
889 1670 1042 1728 letus
1093 1671 1445 1728 exstruebat.
1556 1671 1889 1730 Incredibili
1942 1671 2235 1730 celeritate
2288 1689 2503 1746 magno

521 1761 704 1835 spatio
729 1760 932 1836 paucis
957 1758 1160 1816 diebus
1179 1757 1458 1829 confect0‚
1480 1777 1663 1834 quum
1683 1759 1807 1834 jam
1833 1779 2015 1834 pecus
2040 1769 2211 1834 atque
2238 1769 2503 1816 extrema

521 1847 928 1922 impedimenta
971 1845 1044 1903 ab
1071 1846 1278 1904 nostris
1318 1855 1670 1916 tenerentur,
1700 1847 1811 1922 ipsi
1850 1846 2145 1906 densiores
2184 1847 2363 1904 silves
2404 1865 2499 1923 pe·

521 1943 725 2002 terent,
753 1934 1034 2009 ejusmodi
1059 1943 1425 2009 tempestates
1452 1944 1591 1992 sunt
1626 1945 1991 2005 consecutae,
2022 1937 2108 1993 uti
2128 1953 2274 2012 opus
2302 1953 2497 1994 nece&

521 2021 673 2080 sario
701 2022 1207 2092 intermitteretur3
1251 2032 1326 2092 et,
1362 2023 1787 2080 continuatione
1826 2024 2117 2093 imbrium,
2146 2024 2367 2082 diutius
2390 2025 2499 2082 sub

415 2117 496 2173 20
523 2109 770 2186 pellibus
797 2110 1012 2169 milites
1037 2110 1320 2169 contineri
1345 2129 1459 2169 non
1488 2120 1735 2187 possent.
1819 2108 2037 2187 Itaque,
2056 2113 2293 2171 vastatis
2320 2113 2497 2171 omni-

523 2201 630 2257 bus
655 2216 858 2257 eorum
873 2200 1048 2275 agris,
1067 2200 1214 2259 vicis
1235 2200 1629 2275 aedificiisque
1656 2200 1923 2270 incensis,
1941 2200 2159 2259 Caesar
2178 2201 2499 2259 exercitum

521 2287 785 2361 reduxit3
827 2297 888 2345 ct
914 2288 974 2344 in
993 2287 1272 2347 Aulercis
1299 2288 1707 2365 Lexoviisque,
1728 2288 1967 2365 reliquis
1986 2289 2123 2347 item
2150 2290 2497 2359 civitatibus,

519 2394 670 2453 quae
697 2378 954 2453 proxime
983 2376 1200 2435 bellum
1231 2375 1504 2448 fecerant,
1526 2377 1589 2435 in
1616 2377 1869 2435 hibernis
1890 2377 2219 2437 collocavit.
