2709 4300
427 255 516 318 ω
1135 261 1224 310 m:
1259 261 1473 310 mm
1508 260 1795 310 GALLloo
2198 261 2336 316 [Cn.
2354 265 2429 316 22,
2448 266 2537 308 2³.

531 401 820 460 decimam
847 399 1096 458 devenit.
1179 399 1399 458 Milites
1432 417 1546 457 non
1588 399 1845 477 longiore
1880 399 2139 458 oratione
2166 399 2533 469 cohortatum,

529 507 710 566 quam
757 491 840 548 uti
883 507 1026 548 suae
1069 490 1342 566 pristinae
1386 489 1613 548 virtutis
1660 489 1997 546 memoriam
2038 489 2370 557 retinerent,
2398 507 2536 546 neu

531 579 1006 656 perturbarentur
1041 580 1252 648 animo,
1283 579 1647 654 hostiumque
1686 579 1967 654 impetum
2009 575 2233 636 fortiter
2271 579 2533 636 sustine-

531 678 674 738 rent,
703 667 856 746 quod
883 685 998 727 non
1023 667 1254 746 longius
1279 668 1471 726 hostes
1496 669 1753 738 aberant,
1780 685 1961 744 quam
1984 685 2105 744 quo
2128 667 2313 726 telum
2344 667 2529 742 adjici

465 767 508 824 ο
531 767 737 834 possa,
767 757 970 834 proelii
1009 756 1401 816 committendi
1426 757 1660 834 signum
1686 756 1861 814 dedit.
1946 757 2147 832 Atque
2174 757 2237 814 in
2264 757 2525 814 alteram

531 857 752 926 portem
773 847 912 906 item
931 845 1264 906 cohortandi
1289 865 1473 906 cause
1492 845 1802 924 profectus,
1824 847 2217 926 pugnantibus
2234 849 2523 907 occurrit.

529 937 838 1014 Temporis
877 946 1038 996 tants
1080 934 1190 996 fuit
1231 937 1538 1014 exiguitas,
1580 937 1943 1014 hostiumque
1988 947 2109 994 tam
2157 946 2396 1013 paratus
2446 937 2527 993 ad

527 1025 922 1084 dimicandum
951 1027 1198 1098 animus,
1217 1035 1282 1084 ut
1307 1045 1423 1084 non
1442 1025 1610 1084 modo
1636 1025 1707 1084 ad
1728 1025 1979 1104 insignia
2006 1025 2525 1096 accommodanda,

527 1115 630 1174 sed
683 1116 862 1174 etiam
909 1116 982 1174 ad
1023 1117 1227 1194 galeas
1267 1114 1605 1186 induendas,
1642 1116 1939 1192 scutisque
1986 1123 2281 1193 tegmenta
2328 1115 2523 1172 detre-

429 1209 506 1268 10
531 1204 737 1275 henda,
765 1214 994 1282 tempus
1019 1203 1288 1264 defuerit.
1372 1205 1573 1271 Quam
1600 1205 1849 1281 quisque
1888 1205 1951 1263 in
1988 1213 2211 1282 partem
2240 1205 2315 1260 ab
2342 1222 2524 1280 opere

529 1313 674 1354 casu
701 1295 950 1364 devenit,
975 1313 1246 1371 quaeque
1274 1295 1460 1371 prima
1486 1295 1654 1371 signa
1690 1296 2003 1372 conspexit,
2032 1293 2105 1351 ad
2132 1295 2280 1352 haec
2306 1295 2524 1352 consti-

529 1385 614 1454 tit,
639 1403 731 1453 ne,
763 1385 824 1442 in
849 1383 1198 1460 quaerendis
1223 1385 1364 1454 suis,
1394 1379 1691 1460 pti'gnandi
1718 1393 1947 1460 tempus
1970 1383 2299 1442 dimitteret.

612 1473 804 1532 XXII.
849 1473 1136 1532 Instructo
1159 1474 1423 1532 exercitu
1450 1473 1639 1552 magis
1660 1481 1723 1532 ut
1749 1473 1863 1532 loci
1888 1482 2117 1541 natura,
2140 1471 2527 1548 dejectusque

531 1564 714 1635 collis,
735 1573 796 1622 et
821 1564 1138 1622 necessitas
1157 1563 1445 1640 temporie,
1468 1581 1645 1638 quam
1674 1571 1739 1621 ut
1766 1563 1852 1620 rei
1880 1561 2147 1620 militaris
2175 1562 2321 1618 ratio
2344 1571 2527 1637 etque

429 1657 508 1714 15
529 1653 668 1712 ordo
695 1653 1035 1730 postulabat,
1056 1669 1256 1727 quum,
1285 1652 1528 1710 diversis
1566 1651 1906 1729 legionibus,
1936 1651 2087 1708 aliae
2116 1650 2235 1708 alia
2258 1651 2322 1706 in
2352 1661 2525 1727 parte

531 1743 788 1802 hostibus
827 1743 1176 1810 resisterent,
1213 1741 1565 1818 sepibusque
1604 1741 1975 1809 densissimis,
2006 1749 2071 1797 ut
2112 1749 2245 1797 ente
2285 1737 2527 1798 demon-

531 1832 860 1900 stravimus,
903 1830 1236 1906 interjectis,
1279 1837 1614 1906 prospectus
1652 1829 2062 1905 impediretur:
2118 1846 2309 1904 neque
2358 1839 2533 1886 certa

531 1919 788 1976 subsidia
813 1919 1106 1989 collocari,
1129 1936 1318 1994 neque
1345 1917 1483 1994 quid
1514 1918 1576 1975 in
1602 1935 1835 1994 queque
1864 1927 2025 1994 parte
2050 1935 2197 1994 opus
2214 1927 2369 1976 esset
2394 1937 2529 1993 pro-

531 2009 733 2079 videri,
763 2027 952 2085 neque
997 2011 1072 2068 ab
1113 2028 1229 2068 uno
1271 2011 1466 2068 omnia
1514 2011 1759 2086 imperis
1802 2009 2189 2068 administrari
2234 2020 2527 2087 poterant.

427 2105 508 2163 20
533 2099 752 2177 Itaque,
787 2101 848 2157 in
887 2111 1050 2159 tanta
1091 2119 1290 2161 rerum
1333 2101 1654 2178 iniquitate,
1698 2099 1961 2161 fortunae
2002 2119 2233 2179 quoque
2276 2111 2531 2161 eventus

533 2190 680 2248 varii
707 2192 1117 2265 sequebantur.

615 2277 833 2337 XXIII.
879 2277 1154 2357 Legionis
1192 2297 1379 2338 nonae
1420 2290 1479 2337 et
1518 2278 1781 2338 decimae
1824 2279 2053 2350 milites,
2084 2290 2149 2338 ut
2188 2281 2251 2337 in
2280 2281 2525 2338 sinistra

532 2379 694 2446 parte
742 2369 868 2427 acie
915 2368 1304 2439 constiterant,
1340 2369 1487 2446 -pilis
1540 2370 1786 2439 emissis,
1834 2388 2015 2427 cursu
2064 2388 2133 2427 sc
2181 2369 2527 2427 lassitudine

531 2459 888 2517 exanimatos
927 2458 1381 2534 vulneribusque
1424 2457 1717 2517 confectos
1758 2458 2069 2517 Atrebates
2112 2462 2281 2535 (nem
2316 2459 2411 2517 his
2454 2478 2527 2517 ea

429 2552 508 2609 25
533 2566 668 2625 pers
693 2544 1026 2623 obvenerat)
1049 2546 1318 2603 celeriter
1341 2565 1415 2603 ex
1446 2547 1572 2605 loco
1608 2548 1903 2624 superiore
1932 2548 1991 2604 in
2034 2548 2251 2611 flumen
2278 2567 2521 2625 compu-

533 2636 762 2709 lerunt3
805 2645 864 2694 et
905 2634 1150 2693 transire
1177 2644 1453 2693 conantes
1480 2636 1725 2695 insecuti
1753 2635 1964 2714 gladiis
1992 2654 2265 2713 magnam
2294 2647 2524 2713 partem

533 2744 733 2783 eorum
783 2724 1115 2802 impeditam
1159 2723 1591 2783 interfecerunt.
1676 2724 1793 2801 Ipsi
1840 2724 2087 2783 transire
2137 2726 2357 2783 flumen
2404 2744 2525 2783 non

531 2813 977 2886 dubitaverunt3
1021 2824 1098 2883 et,
1125 2814 1184 2870 in
1215 2813 1409 2871 locum
1436 2814 1701 2890 iniquum
1730 2815 2035 2891 progressi,
2066 2832 2268 2871 rursus
2297 2832 2521 2891 regres-

533 2920 626 2959 sos
653 2921 724 2961 ac
751 2903 1081 2959 resistentes
1116 2902 1306 2959 hostes
1345 2902 1731 2981 redintegrato
1772 2903 1991 2979 proelio
2018 2903 2077 2960 in
2120 2900 2321 2979 fugam
2350 2903 2521 2960 dede-

431 2990 510 3049 ³0
535 2999 689 3047 runt.
773 2988 918 3047 Item
949 2988 1064 3047 elia
1103 2989 1164 3045 in
1205 3000 1366 3065 parte
1392 2991 1655 3049 diversae
1696 2990 1847 3049 duee
1892 2992 2164 3067 legiones,
2210 2991 2523 3051 undecima

533 3086 592 3135 et
605 3086 828 3149 octava,
853 3078 1166 3155 profligatis
1182 3077 1627 3148 veromanduis‚
1648 3081 1995 3155 quibuscum
2018 3090 2181 3139 erant
2200 3082 2518 3157 congressi,

533 3182 608 3222 ex
634 3166 762 3227 loco
799 3166 1094 3245 superiore
1133 3166 1196 3223 in
1237 3165 1377 3241 ipsis
1423 3167 1679 3225 fluminis
1722 3169 1861 3243 ripis
1900 3169 2351 3244 proeliabantur.
2440 3170 2521 3227 At

534 3258 660 3309 tum
683 3259 814 3316 totis
855 3257 982 3317 fere
1023 3276 1060 3315 a
1101 3253 1284 3313 fronte
1321 3265 1381 3313 et
1422 3256 1495 3313 ab
1536 3257 1769 3315 sinistre.
1810 3266 1973 3332 parte
2016 3256 2247 3315 nudatis
2288 3258 2515 3327 cestris,

535 3352 714 3407 quum
741 3345 802 3403 in
827 3348 1028 3406 dextro
1053 3362 1237 3405 cornu
1265 3343 1417 3421 legio
1442 3343 1801 3415 duodecime,
1830 3354 1905 3413 et,
1935 3362 2049 3403 non
2092 3362 2303 3423 magno
2344 3347 2417 3403 ab
2446 3366 2517 3404 ea

427 3412 512 3471 35
535 3418 854 3505 intervallo,
900 3437 1144 3513 septima
1188 3433 1549 3502 constitisset,
1594 3452 1793 3492 omnes
1840 3433 2051 3491 Nervii
2094 3432 2517 3492 confertissimo

535 3514 785 3589 agmine,
811 3522 962 3583 duce
991 3524 1382 3599 Boduognato,
1412 3522 1515 3597 qui
1554 3540 1839 3581 summam
1882 3521 2109 3597 imperii
2150 3523 2402 3592 tenebat,
2444 3524 2513 3581 ad

531 3601 670 3651 eum
709 3602 904 3668 locum
947 3611 1398 3671 contenderunt:
1440 3628 1687 3687 quorum
1728 3628 1861 3687 pars
1904 3620 2101 3688 aperto
2143 3608 2327 3669 latere
2373 3612 2511 3691 legi.

529 3682 1154 3831 oogeessifimummnioe’
1197 3718 1332 3775 pars
1374 3718 1667 3757 summum
1708 3709 2033 3758 castrorum
2072 3699 2269 3759 locum
2296 3710 2513 3777 petere,
