2709 4300
398 231 427 288 Ι
442 232 521 290 1⁰
1118 243 1209 292 DE
1246 242 1460 290 mun
1495 241 1794 292 Guiuoo.
2259 243 2400 300 [Car-
2417 250 2490 292 58.

494 379 875 438 finitimarum
928 381 1249 451 civitatum,
1302 399 1448 457 qun·
1501 379 1874 440 arce-endon
1937 388 2270 450 curaverat,
2325 390 2492 440 tanta

489 467 795 546 diligentia
818 487 1021 528 omnes
1046 489 1183 528 suos
1208 471 1484 530 custodiis
1509 471 1660 528 intra
1685 479 1878 528 castra
1903 468 2208 540 continuit,
2229 479 2292 528 ut
2319 470 2491 528 nulla

492 559 715 615 ratione
756 577 830 614 ea
878 576 973 616 res
1016 560 1347 630 enunciari,
1395 569 1496 618 aut
1537 559 1612 617 ad
1655 557 1932 616 Treviros
1977 557 2220 634 perferri
2271 569 2484 636 posset.

490 645 731 704 Interim
758 665 835 704 ex
870 635 1289 706 consuetudine
1328 648 1664 726 quotidiana
1709 646 2136 706 Indutiomarus
2175 647 2248 706 ad
2289 659 2489 708 castra

426 743 465 798 5
490 735 732 806 accedit,
784 745 959 811 atque
1006 736 1087 794 ibi
1132 755 1406 814 magnam
1451 747 1674 814 partem
1719 737 1834 795 diei
1881 737 2205 810 consumit3
2257 739 2488 814 equites

488 825 609 882 tela
650 826 990 901 conjiciunt,
1020 835 1079 884 et
1108 845 1488 903 magna-cum
1529 827 1880 886 contumelia
1906 827 2216 887 verborum
2257 837 2486 890 nostros

490 913 561 972 ad
611 933 865 992 pugnam
914 924 1180 974 evocant.
1262 915 1450 974 Nullo
1497 917 1572 974 ab
1617 915 1826 974 nostris
1873 915 2004 974 dato
2051 934 2340 992 responso,
2383 916 2486 976 ubi

488 1003 679 1061 visum
708 1015 813 1074 est,
844 1005 955 1062 sub
982 1023 1294 1080 vesperum
1310 1003 1554 1082 dispersi
1581 1024 1654 1062 ac
1679 1004 1936 1082 dissipati
1963 1005 2284 1064 discedunt.
2369 1005 2483 1064 Su-

489 1091 607 1149 bito
634 1093 939 1150 Labienus
966 1093 1195 1152 duabus
1223 1095 1400 1170 portis
1425 1112 1656 1152 omnem
1683 1095 2002 1170 equitatum
2029 1094 2270 1166 emittit3
2317 1112 2482 1170 prae-

388 1189 461 1244 10
488 1181 629 1256 cipit
657 1191 829 1257 atque
858 1182 1167 1251 interdicit,
1198 1184 1513 1259 proterritis
1540 1183 1798 1242 hostibus
1825 1195 1998 1260 atque
2025 1184 2086 1240 in
2114 1181 2318 1260 fugam
2343 1201 2482 1240 con-

497 1271 688 1346 jectis,
722 1271 901 1348 (quod
930 1271 1067 1340 sore,
1096 1272 1249 1330 sicut
1278 1271 1508 1342 accidit,
1538 1271 1814 1348 videbat,)
1845 1291 2026 1330 unum
2055 1290 2254 1330 omnes
2281 1281 2485 1348 petant

488 1359 985 1432 Indutiomarum3
1030 1379 1149 1418 neu
1192 1361 1325 1436 quis
1367 1379 1542 1436 quem
1585 1362 1746 1438 prius
1773 1361 2057 1432 vulneret,
2085 1380 2263 1437 quam
2307 1361 2482 1420 illum

488 1448 857 1510 interfectum
888 1449 1113 1519 viderit,
1142 1449 1293 1526 quod
1323 1468 1486 1508 mora
1528 1451 1882 1527 reliquorum
1919 1452 2172 1527 spatium
2213 1449 2480 1528 effugere

487 1549 725 1596 nactum
774 1539 941 1596 illum
990 1539 1255 1598 nolebat:
1298 1557 1510 1616 magna
1559 1539 1814 1616 proponit
1861 1539 1950 1608 iis,
1991 1540 2092 1616 qui
2137 1539 2478 1612 occiderint,

388 1637 462 1691 15
489 1629 787 1703 praemiat
830 1629 1113 1686 submittit
1138 1629 1404 1686 cohortes
1443 1629 1731 1704 equitibus
1773 1628 2044 1686 subsidio.
2129 1628 2482 1706 Comprobat

487 1717 735 1774 hominis
760 1716 1069 1774 consilium
1113 1716 1341 1776 fortuna
1365 1737 1382 1788 3
1429 1726 1504 1787 et,
1532 1733 1716 1793 quum
1743 1736 1928 1776 unum
1951 1735 2152 1776 omnes
2195 1729 2477 1794 peterent,

486 1806 547 1862 in
576 1807 701 1880 ipso
734 1806 991 1862 fluminis
1021 1805 1167 1862 vado
1206 1805 1600 1881 deprehensus
1641 1806 2065 1865 Indutiomarus
2108 1807 2475 1880 interficitur,

486 1903 777 1968 caputque
824 1895 957 1968 ejus
1006 1892 1255 1952 refertur
1302 1895 1362 1950 in
1411 1905 1640 1952 castra:
1685 1895 1994 1954 redeuntes
2039 1897 2284 1971 equites,
2331 1915 2478 1972 quos

487 1991 739 2056 possunt,
764 1992 1168 2040 consectantur
1192 1992 1362 2058 atque
1381 1985 1674 2042 occidunt.
1741 1984 1874 2044 Hac
1903 2003 1967 2043 re
1994 1985 2246 2062 cognita,
2275 2004 2476 2044 omnes

380 2081 463 2136 20
488 2068 829 2128 Eburonum
846 2079 903 2128 et
924 2069 1299 2140 Nerviorum,
1316 2090 1468 2147 quae
1487 2084 1892 2143 convenerant,
1911 2075 2110 2151 copiae
2132 2073 2438 2132 discedunt
2449 2094 2470 2153 ς

486 2158 775 2236 pauloque
802 2160 1004 2219 habuit
1029 2170 1155 2239 post
1181 2162 1241 2221 id
1270 2161 1490 2223 factum
1518 2164 1738 2223 Caesar
1763 2164 2106 2241 quietiorem
2135 2162 2416 2223 Galliam.
2469 2232 2478 2244 ⁶
