2709 4300
251 281 571 340 ‹in-,amal
1044 283 1235 332 uana
1270 283 1628 357 seruitus.-
1821 269 1846 280 “
2231 271 2352 330 ιετ

658 343 687 356 l

254 443 449 486 naves
480 423 909 502 processissent,
940 421 1194 498 reliquas
1240 423 1438 498 copias
1459 432 1678 486 ,contra
1717 419 2045 480 Labienum
2071 420 2248 478 duxe-

258 524 415 580 runt.

340 601 531 663 LXII.
578 601 777 660 Prima
822 601 957 660 lnce
1004 611 1063 658 et
1108 603 1287 660 nostri
1332 619 1534 660 omnes
1577 612 1742 660 erant
1781 601 2166 678 transportati,
2191 609 2252 658 ct

258 693 513 758 ¹hostium
549 692 713 750 acies
752 690 1117 748 cernebatur.
1200 690 1514 759 Labienus,
1545 691 1756 752 milites
1795 691 2139 759 cohortatus,
2170 687 2250 747 Ut

260 801 407 842 suae
435 781 709 856 pristinae
732 780 959 839 virtutis
986 789 1043 836 et
1070 789 1149 838 tot
1174 779 1728 840 secundissimorum
1757 781 2102 856 proeliorum
2132 799 2246 836 me·
2273 787 2314 840 5

259 872 507 934 moriam
538 871 869 937 retinerent,
889 879 1065 944 atque
1094 869 1281 944 ipsum
1308 869 1640 938 Caesarem,
1663 869 1836 944 cujus
1854 869 2032 927 ductu
2049 888 2250 945 saepe·-
2391 905 2418 934 0

264 977 509 1018 numero
554 959 743 1017 hostes
784 967 1173 1033 superassent,
1204 969 1566 1034 praesentem
1607 958 1808 1017 adesse
1835 961 2250 1028 existimarent,

262 1051 363 1108 dat
399 1051 639 1126 signum
688 1047 915 1124 proelii.
1001 1047 1195 1104 Primo
1242 1065 1532 1106 concursu
1577 1049 1650 1106 ab
1693 1047 1894 1107 dextro
1919 1066 2121 1118 cornu,
2151 1049 2250 1106 ubi

262 1139 513 1214 septima
558 1138 709 1214 legio
756 1137 1107 1205 constiterat,
1148 1137 1339 1194 hostes
1387 1136 1700 1213 pelluntur,
1731 1148 1903 1213 atque
1947 1139 2006 1196 in
2051 1137 2252 1216 fligam

262 1228 695 1302 conjiciuntur:
750 1227 841 1284 ab
907 1226 1167 1295 sinistro,
1202 1245 1376 1301 quem
1430 1227 1624 1284 locum
1693 1227 2032 1286 duodecima
2099 1227 2252 1306 legio
2283 1233 2354 1288 to

262 1318 515 1385 tenebat,
546 1335 731 1392 quum
758 1315 929 1390 primi
954 1315 1185 1374 ordines
1210 1316 1458 1372 hostium
1499 1315 1760 1372 transfixi
1801 1317 1934 1392 pilis
1973 1318 2252 1374 concidis·

266 1417 415 1476 sent,
432 1417 626 1464 tamen
644 1406 929 1462 acerrime
948 1405 1157 1480 reliqui
1172 1403 1530 1473 resistebant,
1547 1421 1656 1462 nec
1677 1404 1848 1462 dabat
1869 1407 2254 1480 suspicionem

268 1497 445 1574 fugae
474 1496 801 1570 quisquam.
886 1491 1014 1569 Ipse
1032 1493 1151 1552 dux
1173 1493 1424 1550 hostium
1445 1491 1876 1569 Camulogenus
1893 1495 2018 1551 suis
2037 1495 2253 1564 aderat,

268 1597 445 1662 atque
471 1605 571 1642 eos
598 1583 1023 1642 cohortabatur.
1109 1584 1211 1651 At,
1243 1584 1464 1640 incerto
1491 1583 1678 1640 etiarn.
1695 1599 1852 1640 nunc
1892 1583 2052 1646 exitu
2081 1585 2256 1642 victo.

268 1677 411 1742 riae,
442 1691 625 1750 quum
652 1673 928 1748 septimae
957 1672 1201 1748 legionis
1235 1670 1482 1728 tribunis
1521 1679 1670 1728 esset
1715 1672 2076 1743 nunciatum,
2104 1691 2254 1749 quae
2286 1678 2358 1736 15

268 1767 331 1827 in
374 1765 605 1821 sinistro
648 1779 832 1820 cornu
872 1771 1233 1837 gererentur,
1264 1771 1388 1837 post
1430 1770 1656 1838 tergum
1695 1761 1940 1820 hostiurn
1963 1761 2256 1839 legionem

266 1852 657 1920 ostenderunt,
706 1852 987 1926 signaque
1038 1851 1374 1908 intulerunt.
1461 1849 1521 1906 N
1525 1851 1584 1908 e‘
1605 1870 1676 1910 eo
1710 1851 1956 1926 -quidem
2004 1862 2256 1928 tempore

268 1945 579 2018 quisquam
624 1943 751 2001 loco
797 1941 985 2008 cessit,
1030 1940 1133 1998 sed
1180 1941 1564 1998 circumventi
1611 1959 1810 2001 omnes
1853 1941 2254 2016 interfectique

268 2043 426 2093 sunt.
532 2030 795 2089 Eandem
846 2028 1135 2086 fortunam
1188 2029 1321 2087 tulit
1375 2029 1826 2108 Camuiogenus.
1915 2032 2000 2089 At
2047 2032 2106 2100 ii,
2151 2032 2254 2108 qui

271 2120 559 2199 praesidio
584 2130 787 2179 contra-
812 2130 1005 2187 castra
1030 2117 1277 2177 Labieni
1310 2131 1493 2177 erant·
1519 2120 1725 2190 relicti,
1755 2138 1939 2197 quum
1969 2122 2252 2198 proelium
2277 2129 2360 2187 πο

267 2212 645 2271 commissum
688 2209 997 2277 audissent,
1028 2209 1283 2279 subsidio
1322 2211 1446 2267 suis
1487 2211 1698 2279 ierunt,
1727 2211 2048 2287 collemque
2087 2232 2252 2289 cepe-

272 2312 430 2371 runt,
456 2320 647 2377 neque
674 2307 999 2379 nostrorum
1040 2295 1287 2357 militum
1320 2300 1604 2360 victorum
1649 2301 1927 2375 impetum
1971 2302 2256 2361 sustinere

272 2400 604 2468 potuerunt.
686 2389 804 2458 Sic,
851 2406 987 2445 cum
1036 2390 1159 2445 suis
1206 2387 1560 2465 fugientibus
1609 2389 1898 2463 permixti,
1943 2407 2088 2463 quos
2135 2406 2255 2449 non

270 2482 457 2543 silvae
488 2490 821 2555 montesque
860 2489 1149 2549 texerunt,
1178 2480 1251 2535 ab
1292 2480 1548 2553 equitatu
1577 2488 1712 2537 sunt
1739 2478 2044 2536 interfecti.
2125 2478 2256 2537 Hoc

272 2571 505 2646 negotio
544 2568 823 2637 confecta,
854 2567 1151 2626 Labienus
1192 2569 1504 2627 revertitur
1531 2566 1921 2645 Agendieum,
1952 2568 2049 2627 ubi
2077 2570 2252 2645 impe-
2279 2576 2360 2633 25

272 2660 537 2731 ‹limenta⁸
572 2659 743 2717 totius
784 2658 1079 2715 exercitus
1121 2658 1325 2715 relicta
1368 2668 1552 2713 erant.
1637 2655 1776 2715 Inde
1817 2674 1954 2713 cum
1994 2660 2260 2721 omnibus

272 2750 457 2825 copiis
486 2748 555 2805 ad
584 2747 897 2805 Caesarem
924 2748 1205 2824 pervenit.
2213 2818 2218 2825 ι

282 2904 291 2909 ,
356 2836 575 2896 LXIII.
658 2836 995 2913 Defectione
1041 2836 1384 2896 Aeduorum
1431 2834 1681 2910 cognita,
1726 2834 1942 2895 bellum
1989 2849 2252 2914 augetur.

272 2928 625 3003 Legationes
644 2927 705 2985 in
724 2945 923 2996 omnes
944 2938 1135 3001 partes
1156 2925 1719 2986 circummittuntur:
1749 2934 2032 3001 quantum
2049 2928 2256 3004 grati-u,

274 3017 637 3089 auctoritate,
658 3017 907 3091 pecunia
930 3016 1141 3084 valent,
1164 3014 1233 3073 ad
1264 3014 1656 3075 sollicitandas
1680 3016 1947 3073 civitates
1973 3018 2254 3075 nituntur.
2283 3020 2362 3083 δα

274 3106 457 3165 Nacti
474 3104 715 3174 obsideS‚
736 3124 881 3181 quos
896 3104 1117 3161 Caesar
1136 3104 1291 3181 apud
1312 3124 1412 3163 eos
1431 3104 1792 3181 deposuerat,
1811 3106 2018 3163 horum
2039 3108 2256 3182 suppli-

274 3196 369 3253 cio
396 3193 723 3251 dubitantes
762 3194 1045 3251 territant.
1131 3186 1339 3252 Petunt
1369 3213 1404 3250 a
1431 3193 1910 3270 Vercingetorige
1941 3195 2154 3264 Aedui,
2183 3196 2256 3253 ad

274 3304 341 3343 se
372 3284 583 3353 veniat,
614 3284 977 3359 rationesque
1007 3283 1145 3341 belli
1186 3282 1427 3360 gerendi
1469 3284 1878 3341 communicet.
1964 3282 2052 3341 Re
2081 3285 2256 3361 impe.

274 3383 427 3433 trata
453 3372 823 3441 contendunt,
854 3383 917 3429 ut
944 3373 1083 3448 ipsis
1110 3390 1337 3431 summa
1377 3372 1606 3447 imperii
1645 3370 1945 3429 tradatur:
1987 3383 2062 3441 et,
2093 3392 2156 3431 re
2195 3376 2256 3431 in
2359 3408 2399 3429 -t

274 3462 727 3521 controversiam
782 3460 1050 3531 deducta,
1103 3462 1275 3519 totius
1332 3460 1562 3519 Galliae
1617 3460 1932 3519 concilium
1985 3460 2260 3521 Bibracte
2280 3466 2364 3523 >36

274 3551 571 3619 indicitur.
656 3549 881 3607 Eodem
907 3551 1259 3609 conveniunt
1281 3550 1534 3623 undique
1559 3549 1910 3624 frequentes.
1995 3550 2256 3609 Multitu-

275 3640 427 3699 dinis
470 3637 767 3717 suffragiis
821 3657 915 3697 res
969 3640 1351 3715 permittitur:
1417 3637 1486 3695 ad
1540 3656 1722 3695 unum
1769 3658 1970 3698 omnes
2012 3639 2258 3699 Vercin-

274 3730 599 3809 getorigem
653 3728 893 3805 probant
945 3730 1368 3805 imperatorem.
1453 3728 1552 3787 Ab
1607 3728 1716 3787 hoc
1770 3728 2016 3789 concilio
2065 3729 2256 3801 Remi,

274 3816 591 3905 Lingones,
611 3815 847 3880 Treviri
868 3817 1213 3875 abfuerunt:
1242 3816 1510 3893 illi,quod
1529 3818 1842 3879 amicitiam
1863 3818 2260 3907 Romanorum
2297 3856 2313 3865 .

866 3910 873 3915 '
1058 3910 1065 3914 ’
1232 3910 1305 3963 14
