2709 4300
427 157 518 220 ss
1137 165 1226 215 nt:
1261 163 1475 214 mm
1510 163 1797 214 GALHOO
2215 159 2357 220 tear.
2384 171 2545 213 17-10.

533 303 876 373 consedi-e,
899 303 1328 381 adventumque
1353 303 1435 362 ibi
1456 304 1851 362 Romanorum
1870 311 2215 380 exspectare
2242 321 2373 362 una
2394 323 2552 362 cum

533 393 910 452 Atrebatibus
949 403 1008 452 et
1047 393 1493 462 veromanduia,
1522 394 1783 451 finitimis
1821 394 1981 450 suis:
2021 394 2189 470 (nem
2230 394 2323 451 his
2356 396 2549 452 utris-

531 501 648 560 que
691 493 1116 559 penueserant,
1147 485 1232 540 uti
1275 482 1523 540 eandem
1572 483 1713 540 belli
1756 481 2047 540 fortunam
2088 483 2547 560 experirentur)

531 575 857 650 exspectari
895 575 1070 632 etiam
1099 573 1174 630 ab
1215 573 1304 630 his
1331 573 1783 632 Acin-,tuentum
1824 572 2041 648 copies,
2074 581 2251 648 atque
2292 591 2431 630 esse
2478 573 2547 629 in

469 667 510 723 ὃ
533 663 772 720 itinere:
815 662 1108 732 mulieres,
1150 664 1369 739 quique
1414 681 1518 738 per
1564 671 1811 720 aetatem
1858 661 1931 718 sd
1978 669 2238 738 pugnam
2288 661 2547 720 inutiles

533 751 884 822 viderentur,
927 754 990 810 in
1029 769 1168 810 eum
1214 752 1409 810 locum
1456 751 1793 828 conjecisse,
1835 769 1954 826 quo
2000 762 2231 828 propter
2280 751 2545 828 paludes

531 843 816 900 exercitui
845 841 1038 900 editus
1063 859 1176 899 non
1203 851 1375 900 esset.

615 929 807 988 XVII.
873 930 986 988 His
1039 931 1212 989 rebus
1267 931 1531 1006 cognitis,
1590 929 1983 1006 exploratores
2036 929 2541 1007 centurionesque

533 1023 864 1097 praemittit,
882 1023 984 1098 qui
1007 1020 1204 1080 locum
1223 1021 1431 1080 eastris
1460 1021 1729 1079 idoneum
1756 1020 2036 1098 deligant.
2100 1021 2427 1096 Quumque
2456 1041 2537 1078 ex

433 1117 510 1172 1⁰
531 1110 806 1168 dedititiis
825 1109 1028 1188 Belgis
1049 1112 1401 1186 reliquisque
1424 1110 1615 1168 Gallis
1640 1111 1971 1186 complures
1988 1109 2309 1168 Gaesarem
2336 1114 2537 1168 secuti

535 1219 656 1260 una
681 1202 794 1258 iter
821 1199 1109 1260 facerent:
1151 1201 1389 1277 quidam
1416 1219 1491 1258 ex
1520 1201 1627 1269 his,
1646 1209 1711 1258 ut
1732 1212 1927 1276 postea
1952 1217 2026 1257 ex
2054 1201 2301 1276 captivis
2326 1201 2533 1278 cogni-

529 1299 660 1348 tam
685 1299 790 1360 est,
819 1307 1023 1351 eorum
1062 1289 1292 1348 dierum
1319 1289 1734 1348 consuetudine
1772 1289 1995 1347 itineris
2020 1290 2201 1346 nostri
2226 1291 2535 1347 exercitus

535 1389 856 1457 perspecta,
885 1389 1056 1438 nocte
1101 1379 1174 1438 ad
1219 1379 1473 1437 Nervios
1516 1387 1921 1455 pervenerunt,
1954 1388 2127 1454 atque
2170 1379 2245 1436 iis
2290 1379 2531 1436 demon-

533 1478 808 1540 strarunt,
851 1470 998 1528 inter
1037 1469 1300 1546 singulas
1353 1468 1611 1544 legiones
1653 1467 2190 1544 impedimentorum
2244 1487 2533 1546 magnum

435 1567 512 1622 15
535 1577 846 1617 numerum
889 1559 1264 1628 intercedere,
1311 1575 1501 1634 neque
1544 1576 1673 1615 esse
1718 1557 2035 1633 quidquam
2076 1558 2310 1634 negotii,
2338 1575 2531 1634 quum

537 1649 726 1726 prima
752 1649 904 1726 legio
931 1651 992 1706 in
1019 1657 1212 1706 castra
1239 1647 1509 1718 venisset,
1542 1647 1915 1722 reliquaeque
1957 1648 2217 1724 legiones
2244 1665 2531 1726 magnum

537 1740 788 1814 spatium
837 1739 1120 1808 abessent,
1173 1738 1326 1794 hanc
1382 1737 1492 1794 sub
1540 1738 1786 1795 sarcinis
1846 1737 2093 1794 adoriri:
2162 1755 2281 1814 qua
2336 1738 2528 1814 pulsa,

537 1827 1074 1902 impedimentisque
1121 1827 1379 1903 direptis,
1422 1825 1703 1895 futurum,
1734 1837 1801 1884 ut
1843 1827 2103 1902 reliquae
2146 1837 2349 1885 contra
2394 1847 2529 1886 con-

537 1916 740 1972 sistere
783 1933 900 1972 non
943 1916 1244 1974 auderent.
1329 1916 1669 1992 Adjuvabat
1716 1917 1892 1974 etiam
1938 1933 2141 1973 eorum
2198 1917 2527 1987 consilium,

433 2011 512 2067 zo
537 2006 638 2080 qui
677 2022 802 2062 rem
839 2003 1190 2075 deferebant,
1220 2005 1373 2081 quod
1414 2005 1625 2064 Nervii
1668 2006 2005 2080 antiquitus,
2034 2023 2218 2081 quum
2258 2008 2527 2083 equitatu

537 2095 680 2153 nihil
710 2105 954 2172 possent,
985 2095 1204 2173 (neque
1243 2098 1397 2155 enim
1428 2096 1499 2154 ad
1530 2097 1638 2155 hoc
1666 2105 1895 2172 tempus
1922 2097 1977 2153 ei
2010 2097 2094 2154 rei
2122 2095 2374 2167 student,
2404 2098 2525 2169 sed,

535 2186 814 2263 quidquid
873 2198 1126 2263 possunt,
1179 2186 1541 2263 pedestribus
1594 2188 1789 2245 velent
1844 2186 2073 2272 copiis)
2120 2206 2237 2262 quo
2293 2188 2529 2249 facilius

537 2276 910 2335 finitimorum
951 2278 1294 2353 equitatum,
1323 2279 1373 2334 si
1416 2276 1728 2354 praedandi
1771 2294 1955 2333 causa
1998 2276 2069 2332 ad
2112 2295 2213 2333 eos
2257 2279 2526 2347 venisset,

539 2367 896 2443 impedirent,
925 2366 1140 2423 teneris
1167 2366 1471 2423 arboribus
1498 2366 1697 2423 incisis
1742 2375 1913 2441 atque
1942 2366 2187 2434 inflexis,
2216 2365 2437 2423 crebris
2464 2368 2526 2423 in

435 2462 513 2519 w
540 2456 902 2513 Latitudinem
931 2456 1110 2511 ramis
1137 2465 1197 2513 et
1223 2456 1385 2511 rubis
1412 2455 1787 2529 sentibusque
1828 2454 2161 2529 interjectis,
2192 2452 2521 2527 effecerant,

541 2554 604 2601 ut
643 2546 826 2601 instar
865 2546 1018 2601 muri
1059 2544 1170 2601 hae
1213 2562 1383 2621 sepes
1430 2545 1791 2603 munimenta
1834 2543 2212 2619 praeberent;
2256 2562 2373 2619 quo
2412 2564 2526 2603 non

539 2634 706 2691 modo
751 2634 974 2702 intrari,
1023 2633 1126 2691 sed
1181 2652 1254 2691 ne
1309 2634 1564 2711 perspici
1612 2634 1845 2709 quidem
1896 2616 2101 2710 posset.
2189 2633 2301 2691 His
2355 2634 2529 2693 rebus

537 2742 722 2799 quum
762 2724 872 2780 iter
919 2724 1168 2799 agminis
1211 2724 1389 2781 nostri
1434 2722 1826 2799 impediretur,
1856 2740 1969 2779 non
2014 2722 2391 2779 omittendum
2416 2725 2527 2782 sibi

539 2813 846 2871 eonsilium
879 2812 1088 2869 Nervii
1117 2815 1589 2870 aestimaverunt.

439 2909 516 2967 ao
621 2898 842 2959 XVIII.
887 2899 1033 2957 Loci
1074 2912 1284 2958 nature
1312 2912 1437 2959 eret
1469 2903 1632 2971 haec,
1660 2919 1835 2977 quem
1879 2902 2073 2958 locum
2114 2902 2291 2959 nostri
2322 2906 2529 2962 cestris

539 2991 895 3067 delegerant.
976 2988 1178 3059 Collis,
1211 2990 1282 3047 ab
1309 3008 1537 3047 summo
1565 2990 1889 3065 aequaliter
1916 2990 2175 3061 decliviS,
2208 2992 2283 3048 ad
2310 2994 2525 3051 flumen
2686 2988 2688 3033 ⁴

541 3080 758 3149 Sabim,
787 3077 940 3154 quod
967 3096 1144 3154 supra
1185 3080 1629 3149 nominavimus,
1662 3081 1957 3155 vergebat.
2044 3080 2142 3136 Ab
2182 3100 2251 3137 eo
2286 3083 2523 3140 flumine
2686 3036 2688 3111 Q

541 3171 666 3245 pari
689 3170 1016 3227 acclivitate
1045 3168 1210 3225 collis
1229 3162 1598 3238 nascebatur,
1624 3169 1902 3227 adversus
1928 3170 2071 3227 huic
2098 3180 2155 3227 et
2183 3172 2521 3241 contrarius,

437 3260 446 3268 ’
543 3280 746 3336 passus
786 3262 1022 3319 circiter
1061 3256 1587 3328 ducentos,.infima
1628 3268 1881 3336 apertus,
1913 3260 1987 3317 eb
2028 3262 2325 3335 superiore
2367 3273 2521 3336 parte

441 3354 519 3411 85
543 3351 838 3419 silvestris,
869 3360 933 3407 ut
971 3368 1086 3408 non
1129 3349 1301 3407 facile
1344 3350 1627 3407 introrsus
1671 3350 1919 3426 perspici
1948 3360 2155 3426 posset.
2240 3348 2398 3407 Intra
2422 3369 2519 3408 eas

543 3440 738 3509 silves,
781 3440 968 3497 hostes
1012 3440 1072 3497 in
1127 3439 1361 3497 occulto
1406 3456 1533 3495 sese
1589 3440 1991 3497 continebant:
2050 3440 2110 3494 in
2156 3448 2354 3513 aperto
2398 3439 2519 3497 loco

542 3528 862 3585 secundum
890 3528 1108 3585 flumen
1136 3546 1361 3603 paucae
1389 3528 1661 3585 stationes
1688 3528 1947 3603 equitum
1978 3526 2341 3585 videbantur.
2384 3524 2513 3586 Flu.

543 3616 714 3673 minis
741 3627 866 3673 erat
884 3615 1136 3673 altitudo
1163 3616 1377 3689 pedum
1404 3616 1643 3674 circiter
1668 3617 1864 3673 trium.

625 3702 790 3757 xlx.
831 3704 1072 3769 Caesar,
1101 3703 1361 3774 equi-tatu
1404 3706 1737 3777 praemisso,
1766 3706 2229 3781 subsequebatur
2260 3703 2515 3765 omnibus
