2709 4300
378 233 463 294 88
1090 241 1181 290 DE
1216 239 1428 288 mm
1461 239 1746 288 GAmeo
2279 241 2418 294 [Car.
2435 249 2478 288 7.

482 381 763 449 stituerat,
792 378 947 456 quod
974 397 1111 436 eum
1158 377 1438 456 cupidum
1479 381 1678 434 rerum
1717 393 2022 446 novarum,
2061 375 2344 454 cupidum
2373 379 2478 436 im.

484 471 649 546 perii,
680 469 879 546 magni
922 469 1119 538 animi,
1162 485 1414 544 magnae
1451 467 1602 524 inter
1629 465 1834 523 Gallos
1861 466 2235 537 auctoritatis,
2267 486 2478 545 cogno-

482 569 666 616 verat.
754 557 1095 615 Accedebat
1142 557 1277 626 huc,
1335 553 1487 632 quod
1535 555 1660 632 jam
1713 555 1776 612 in
1831 555 2078 613 concilio
2131 555 2480 614 Aeduorum

481 647 807 706 Dumnorix
850 647 1095 716 dixerat,
1126 647 1250 704 Sibi
1280 665 1315 704 a
1342 646 1596 704 Caesare
1639 663 1888 721 regnum
1927 645 2178 703 civitatis
2217 645 2480 704 deferri:

416 749 455 802 5
480 737 631 814 quod
676 737 895 794 dictum
926 736 1123 792 Aedui
1167 736 1428 812 graviter
1469 733 1751 804 serebant,
1795 751 1986 810 neque
2023 735 2334 792 recusandi
2379 747 2484 794 aut

479 826 831 903 deprecandi
860 841 1043 883 causa
1072 825 1291 902 legatos
1322 825 1392 881 ad
1421 824 1736 882 Caesarem
1766 825 1992 882 mittere
2022 823 2336 882 audebant.
2413 825 2482 883 Id

482 915 699 974 factum
730 935 803 972 ex
833 916 957 972 suis
998 915 1315 991 hospitibus
1353 913 1576 970 Caesar
1603 923 1973 990 cognoverat.
2057 913 2164 972 Ille
2205 916 2482 974 omnibus

398 1001 413 1014 '
480 1007 665 1082 primo
692 1005 963 1081 precibus
994 1015 1187 1080 petere
1216 1003 1526 1072 contendit,
1557 1013 1622 1060 ut
1665 1003 1724 1060 in
1757 1003 1957 1060 Gallia
1999 1003 2432 1078 relinqueretur
2455 1023 2476 1077 3

480 1096 706 1171 partim,
736 1094 887 1170 quod
916 1094 1179 1150 insuetus
1206 1092 1521 1168 navigandi
1561 1111 1722 1149 mare
1749 1093 1974 1150 timeret
1997 1113 2015 1165 3
2061 1095 2292 1169 partim,
2321 1095 2482 1170 quod

380 1191 455 1248 lo
480 1183 859 1260 religionibus
887 1201 1013 1240 sese
1052 1182 1270 1239 diceret
1310 1182 1596 1258 impediri.
1683 1182 2066 1258 Posteaquam
2093 1183 2153 1239 id
2193 1184 2479 1242 obstinate

478 1275 587 1332 sibi
643 1274 847 1350 negari
898 1273 1055 1343 vidit,
1104 1273 1259 1330 omni
1315 1291 1418 1350 spe
1467 1273 1810 1349 impetrandi
1859 1273 2139 1349 adempta,
2184 1275 2479 1350 principes

480 1365 713 1422 Galliae
732 1365 1063 1432 sollicitare,
1094 1381 1368 1420 sevocare
1397 1363 1674 1439 singulos,
1705 1363 2036 1438 hortarique
2065 1365 2268 1440 coepit,
2299 1365 2387 1422 uti
2415 1367 2480 1422 in

478 1456 793 1514 continenti
824 1465 1188 1512 remanerent
1214 1474 1231 1526 ;
1278 1463 1437 1510 metu
1468 1453 1753 1524 territare,
1784 1453 1920 1511 Non
1963 1456 2088 1512 sine
2116 1473 2298 1514 causa
2326 1457 2477 1526 fieri,

480 1557 545 1604 ut
576 1546 774 1604 Gallia
808 1546 961 1602 omni
994 1544 1287 1602 nobilitate
1316 1543 1694 1620 spoliaretur:
1737 1543 1794 1600 id
1825 1563 1950 1600 esse
1991 1545 2300 1614 consilium
2327 1545 2476 1603 Cae-

380 1640 454 1696 15
479 1636 642 1705 saris,
676 1645 757 1704 ut,
787 1653 931 1712 quos
960 1635 1021 1690 in
1050 1641 1366 1710 conspectu
1398 1632 1630 1689 Galliae
1661 1632 1990 1690 interficere
2020 1644 2340 1704 vereretur,
2373 1635 2478 1693 hos

478 1744 677 1784 omnes
725 1726 787 1781 in
836 1723 1198 1782 Britanniam
1254 1721 1621 1779 transductos
1669 1731 1904 1780 necaret
1929 1742 1942 1779 ε
2003 1723 2176 1780 fidem
2233 1724 2479 1799 reliquis

479 1817 860 1890 interponere,
896 1812 1310 1888 jusjurandum
1340 1829 1600 1886 poscere,
1629 1821 1709 1880 ut,
1739 1811 1890 1886 quod
1919 1831 2044 1869 esse
2087 1831 2160 1869 ex
2189 1831 2302 1870 usu
2333 1813 2474 1873 Gal-

478 1904 592 1960 liae
638 1903 1077 1970 intellexissent,
1108 1901 1402 1958 communi
1448 1901 1686 1956 consilio
1732 1899 2218 1960 administrarent.
2303 1901 2477 1961 Haec

480 2011 515 2048 a
542 1991 937 2067 compluribus
965 1991 1037 2048 ad
1064 1991 1379 2048 Caesarem
1403 1987 1829 2047 deferebantur.

373 2091 477 2146 20-
558 2079 694 2137 VII.
743 2080 879 2145 Qua
908 2099 971 2138 re
1001 2081 1249 2157 cognita,
1280 2079 1519 2148 Caesar,
1544 2079 1694 2155 quod
1723 2089 1948 2137 tantum
1975 2081 2196 2138 civitati
2225 2081 2475 2140 Aeduae

478 2170 771 2247 dignitatis
812 2170 1109 2239 tribuerat,
1140 2168 1525 2227 coercendum
1569 2180 1740 2243 atque
1783 2170 2204 2240 deterrendum,
2235 2172 2473 2247 quibus-

480 2279 713 2337 cunque
758 2262 931 2318 rebus
974 2269 1179 2337 posset,
1225 2258 1649 2336 Dumnorigem
1680 2262 2008 2334 statuebat3
2053 2261 2204 2338 quod
2241 2262 2476 2339 longius

478 2352 609 2429 ejus
639 2352 950 2409 amentiam
994 2350 1263 2427 progredi
1293 2350 1541 2419 videbat,
1571 2350 2036 2427 prospiciendum
2080 2370 2152 2409 ne
2196 2353 2335 2427 quid
2363 2354 2476 2410 sibi

480 2460 549 2499 ac
580 2440 959 2517 Reipublicae
988 2455 1199 2496 nocere
1230 2449 1436 2515 posset.
1521 2438 1722 2514 Itaque
1752 2438 1874 2497 dies
1902 2442 2134 2497 circiter
2161 2460 2286 2499 xxv
2313 2442 2374 2498 in
2404 2462 2478 2499 eo

337 2532 451 2593 ‘25
479 2532 606 2588 loco
646 2539 1053 2599 commoratus,
1084 2530 1237 2605 quod
1265 2529 1452 2587 Corus
1481 2540 1688 2587 ventus
1729 2532 2158 2607 navigationem
2201 2532 2474 2607 impedie-

479 2622 592 2690 bat,
642 2622 743 2696 qui
784 2638 1055 2697 magnam
1097 2629 1323 2696 partem
1370 2621 1556 2677 omnis
1599 2622 1872 2697 temporis
1911 2622 1972 2677 in
2013 2622 2103 2678 his
2145 2622 2289 2679 locis
2329 2622 2476 2681 flare

476 2711 794 2779 consuevit,
824 2710 995 2767 dabat
1022 2728 1275 2787 operam,
1301 2718 1365 2766 ut
1393 2709 1452 2765 in
1475 2708 1664 2767 officio
1684 2709 2105 2787 Dumnorigem
2133 2712 2475 2780 contineret,

476 2800 656 2857 nihilo
684 2808 877 2857 tamen
907 2800 1101 2856 secius
1128 2799 1321 2855 omnia
1348 2798 1477 2875 ejus
1500 2799 1741 2856 consilia
1763 2808 2173 2876 cognosceret:
2217 2800 2474 2871 tandem,

477 2888 741 2945 idoneam
768 2897 977 2945 nactus
1004 2897 1418 2963 tempestatem,
1450 2887 1661 2945 milites
1703 2890 2040 2964 equitesque
2079 2889 2476 2947 conscendere

373 2985 449 3041 30
476 2982 533 3038 in
581 2998 761 3037 naves
800 2978 984 3053 jubet.
1072 2976 1171 3046 At,
1223 2979 1484 3035 omnium
1531 2977 1819 3053 impeditis
1865 2979 2090 3047 animis,
2141 2978 2474 3037 Dumnorix

476 3090 613 3127 cum
643 3069 931 3145 equitibus
951 3066 1292 3125 Aeduorum
1322 3087 1357 3123 a
1386 3068 1608 3137 castris,
1630 3069 1910 3125 insciente
1938 3068 2209 3137 Caesare,
2233 3068 2476 3127 domum

476 3160 769 3231 discedere
800 3161 1005 3237 coepit.
1090 3158 1230 3223 Qua
1272 3176 1335 3215 re
1378 3159 1673 3227 nunciata,
1705 3158 1942 3227 Caesar,
1971 3158 2300 3215 intermissa
2341 3178 2472 3237 pro-

478 3248 741 3321 fectione,
788 3260 959 3324 atque
1001 3248 1268 3305 omnibus
1317 3248 1492 3305 rebus
1541 3248 1880 3323 postpositiS,
1924 3265 2195 3323 magnam
2243 3258 2473 3323 partem

476 3340 767 3415 equitatus
794 3338 865 3395 ad
894 3356 1029 3395 eum
1057 3336 1478 3413 insequendum
1519 3337 1706 3405 mittit,
1739 3336 2069 3411 retrahique
2098 3337 2376 3411 imperat:
2417 3339 2474 3395 si

374 3430 449 3484 35
477 3429 595 3484 vim
626 3426 821 3497 faciat,
853 3445 1041 3502 neque
1085 3435 1301 3502 pareat,
1332 3426 1583 3481 interfici
1619 3424 1824 3500 jubet:
1869 3424 2014 3481 nihil
2043 3424 2219 3493 hunc,
2263 3444 2326 3483 se
2369 3424 2472 3483 ab·

476 3526 656 3586 sente,
682 3534 789 3592 pro
817 3534 958 3573 sano
988 3514 1279 3572 facturum
1310 3514 1638 3582 arbitratuS,
1668 3514 1768 3589 qui
1799 3514 2116 3590 praesentis
2154 3514 2470 3589 imperium

476 3605 846 3683 neglexisset.
932 3603 1040 3660 Ille
1084 3604 1243 3660 enim
1288 3613 1612 3682 revocatus*
1640 3604 1924 3672 resistere,
1958 3622 2028 3659 ac
2071 3622 2132 3659 se
2163 3622 2340 3661 manu
2371 3604 2468 3661 de.

478 3687 732 3761 fendere,
764 3709 1119 3765 suorumque
1148 3690 1320 3749 fidem
1361 3692 1670 3766 implorare
1699 3692 1902 3767 coepit,
1933 3710 2100 3767 saepe
2139 3692 2470 3763 clamitanS,

480 3774 761 3834 Liberum
788 3797 871 3844 se,
902 3778 1233 3851 liberaeque
1254 3779 1507 3836 civitatis
1526 3799 1672 3837 esse.
1729 3778 1842 3849 Illi,
1869 3790 1934 3838 ut
1955 3790 2082 3839 erat
2098 3780 2470 3857 imperatum,
