2709 4300
230 295 344 342 cn.
363 295 548 350 suaa}
996 295 1186 345 Lmen
1219 297 1569 346 secennus.
2240 290 2317 350 51

314 431 538 490 XXIV.
580 431 804 490 Eodem
833 443 1088 510 tempore
1117 437 1340 511 equites
1368 439 1565 508 nostri,
1596 437 1855 514 levisque
1884 449 2215 497 armaturae

227 521 470 599 pedites„
499 523 600 597 qui
629 541 766 579 cum
793 524 870 580 iis
897 541 1016 581 una
1045 523 1290 595 fuerant,
1325 545 1470 602 quos
1497 529 1681 602 primo
1720 529 1969 585 hostium
1996 530 2215 604 impetu

225 612 426 690 pulsos
453 612 736 681 dixeram,
765 631 948 688 quum
975 633 1040 670 se
1068 614 1128 670 in
1157 625 1350 672 castra
1378 618 1716 691 reciperent,
1745 617 2007 675 adversis
2042 620 2212 676 hosti-

227 703 340 759 bus
365 701 752 760 occurrebant
779 720 850 758 ac
879 721 1086 760 rursus
1113 703 1288 761 aliam
1315 705 1377 761 in
1406 715 1627 780 partem
1671 704 1870 782 fugam
1910 707 2211 783 petebant:

225 801 288 849 et
331 791 584 860 calones,
633 791 736 866 qui
777 791 854 848 ab
901 791 1226 849 decumana
1274 806 1437 870 porta
1486 811 1559 852 ac
1604 811 1831 852 summo
1864 796 2009 871 jugo
2047 797 2212 854 collis
2236 799 2277 854 ὅ

225 890 452 939 nostros
503 881 754 938 victores
807 881 1024 937 fiumen
1077 883 1350 940 transisse
1406 893 1841 958 conspexerant,
1899 884 2212 959 praedandi

222 987 411 1028 eausa
451 969 690 1046 egressi,
731 987 912 1045 quum
945 971 1338 1046 ‘respexissent
1366 981 1423 1029 et
1452 972 1641 1030 hostes
1681 973 1741 1030 in
1770 974 1977 1030 nostris
2004 975 2211 1032 castris

227 1059 452 1116 versari
479 1058 776 1127 vidisse-nt,
805 1058 1148 1134 praecipites
1185 1059 1359 1136 fugae
1400 1079 1527 1120 sese
1568 1061 1935 1120 mandabant.
2020 1063 2209 1120 Simul

225 1165 448 1217 eorum,
477 1148 582 1224 qui
609 1165 748 1204 cum
787 1147 1206 1222 impedimentis
1233 1149 1555 1219 veniebant,
1586 1151 1807 1208 clamor
1832 1149 2209 1228 fremitusque

223 1239 538 1306 oriebatur,
605 1236 822 1311 aliique
891 1236 1066 1292 aliam
1120 1238 1180 1294 in
1237 1248 1459 1312 partem
1517 1240 1801 1313 perterriti
1831 1239 2204 1314 serebantur.
2238 1241 2313 1298 10

225 1327 460 1394 Quibus
485 1325 752 1383 omnibus
779 1325 952 1382 rebus
979 1326 1218 1400 permoti
1255 1328 1477 1401 equites
1504 1327 1757 1398 Treviri,
1787 1347 2033 1403 quorum
2060 1332 2209 1388 inter

225 1416 434 1474 Gallos
481 1414 710 1471 virtutis
753 1414 944 1489 opinio
985 1424 1073 1472 est
1119 1415 1455 1492 singularis,
1494 1417 1615 1490 qui,
1664 1418 1869 1473 auxilii
1914 1436 2093 1474 causa
2136 1420 2209 1476 ab

223 1507 464 1564 civitate
491 1503 670 1572 missi,
699 1502 770 1558 ad
807 1502 1120 1560 Caesarem
1150 1512 1449 1571 venerant,
1478 1521 1659 1578 quum
1688 1505 2055 1562 multitudine
2082 1505 2205 1564 hos-

219 1596 375 1653 tium
401 1603 594 1672 castra
619 1601 810 1652 nostra
831 1590 1126 1668 compleri,
1159 1592 1415 1667 legiones
1444 1592 1627 1666 premi
1666 1601 1727 1648 et
1746 1611 1931 1668 paene
1958 1594 2205 1652 circum.

223 1693 431 1742 ventas
457 1681 658 1749 teneri,
687 1681 940 1749 calones,
969 1680 1210 1756 equites,
1241 1677 1575 1750 funditores,
1615 1679 1923 1751 Numidae,
1952 1681 2207 1743 diversos
2238 1683 2311 1738 15

223 1773 660 1847 dissipatosque,
707 1769 768 1825 in
809 1787 1010 1826 omnes
1055 1779 1248 1845 partes
1303 1768 1509 1846 fugere
1554 1769 1844 1839 vidissent,
1894 1771 2207 1849 desperatis

220 1861 438 1920 nostris
463 1860 652 1928 rebus,
683 1857 916 1915 domum
943 1858 1393 1916 contenderunt:
1437 1858 1729 1916 Romanos
1748 1860 1945 1935 pulsos
1970 1879 2204 1937 supera-

221 1962 446 2026 tosque,
477 1948 682 2006 castris
708 1947 1242 2024 impedimentisque
1269 1965 1474 2006 eorum
1508 1948 1698 2006 hostes
1738 1951 1955 2026 potitos,
1986 1951 2205 2010 civitati

224 2039 742 2099 renunciaverunt.

309 2127 504 2187 XXV.
547 2126 784 2196 Caesar,
807 2126 880 2183 ab
897 2125 1157 2185 decimae
1179 2125 1421 2204 legionis
1442 2127 1826 2191 cohortatione
1848 2129 1919 2187 ad
1936 2129 2203 2190 dextrum
2230 2131 2309 2188 20

225 2237 412 2279 cornu
441 2215 750 2293 profectus,
781 2216 880 2273 ubi
921 2234 1056 2273 suos
1097 2218 1310 2293 urgeri,
1353 2217 1649 2294 signisque
1690 2220 1751 2275 in
1794 2238 1973 2277 unum
2014 2221 2209 2279 locum

223 2308 456 2367 collatis
497 2305 870 2363 duodecimae
917 2305 1160 2381 legionis
1207 2305 1491 2365 confertos
1538 2306 1749 2365 milites
1792 2309 1901 2365 sibi
1940 2310 2095 2385 ipsos
2136 2310 2211 2367 ad

227 2414 487 2475 pugnam
513 2414 640 2452 esse
667 2394 1110 2470 impediment03
1156 2405 1399 2469 quartae
1429 2395 1679 2453 cohortis
1716 2396 1983 2453 omnibus
2010 2406 2209 2454 centu-

227 2487 488 2544 rionibus
513 2484 740 2553 occisis,
769 2481 1160 2559 signiferoque
1200 2483 1521 2554 interfecto,
1550 2484 1717 2561 signo
1740 2484 1967 2553 amisso,
1998 2484 2207 2560 reliqu-

227 2594 400 2633 arum
441 2574 760 2631 cohortium
799 2572 1064 2629 omnibus
1107 2571 1228 2629 fere
1267 2574 1705 2632 centurionibus
1744 2582 1847 2632 aut
1874 2566 2213 2644 vulneratis,
2230 2576 2309 2633 25

229 2678 334 2723 aut
359 2663 588 2732 occisis,
616 2663 678 2719 in
705 2661 794 2719 his
823 2661 1138 2737 primopilo,
1158 2660 1223 2718 P.
1245 2660 1443 2719 Sextio
1469 2662 1711 2731 Bacu10,
1736 2660 2039 2720 fortissimo
2066 2664 2207 2733 viro,

227 2753 430 2811 multis
455 2752 846 2829 gravibusque
875 2749 1216 2807 vulneribus
1253 2748 1541 2818 confect0,
1572 2760 1637 2805 ut
1670 2750 1795 2824 jam
1834 2768 1897 2807 se
1926 2752 2211 2809 sustinere

227 2860 345 2899 non
373 2851 578 2917 posset,
609 2834 862 2914 reliquos
903 2858 1029 2896 esse
1070 2838 1369 2907 tardiores,
1410 2846 1471 2895 et
1514 2837 1825 2895 nonnullos
1860 2839 1935 2895 ab
1973 2840 2209 2896 novissi-

228 2932 342 2989 mis
367 2930 620 2988 desertos
635 2924 862 3004 ‘proelio
891 2928 1170 2985 excedere
1211 2945 1282 2983 ac
1322 2925 1440 2983 tela
1468 2928 1685 2999 vitare3
1731 2927 1919 2987 hostes
1944 2946 2138 3004 neque
2176 2947 2212 2985 a

230 3020 416 3078 fronte
447 3038 520 3078 ex
549 3017 818 3075 inferiore
847 3017 973 3074 loco
1001 3010 1318 3073 subeuntes
1343 3015 1742 3088 intermittere,
1772 3028 1829 3075 et
1866 3018 1941 3075 ab
1968 3028 2211 3093 utroque
2232 3020 2309 3075 30

227 3109 414 3167 latere
441 3110 693 3179 instare3
739 3116 798 3165 et
825 3124 948 3163 rem
971 3124 1098 3162 esse
1125 3106 1186 3161 in
1215 3114 1459 3181 angusto
1487 3106 1645 3175 vidit,
1664 3126 1853 3183 neque
1876 3106 2061 3163 ullum
2084 3125 2211 3163 esse

227 3198 570 3267 subsidium,
619 3194 772 3271 quod
821 3194 1078 3253 submitti
1125 3204 1346 3269 posset:
1406 3204 1571 3253 scuto
1618 3195 1691 3252 ab
1738 3195 2061 3252 novissimis
2109 3196 2211 3251 uni

229 3286 402 3343 militi
441 3285 716 3353 detracto,
745 3283 898 3360 quod
941 3284 1064 3359 ipse
1107 3302 1176 3340 eo
1216 3284 1340 3340 sine
1382 3294 1545 3341 scuto
1574 3292 1829 3352 venerat,
1858 3282 1917 3339 in
1966 3283 2211 3359 primam

229 3375 420 3433 aciem
447 3373 742 3450 processit,
771 3372 1316 3449 centurionibusque
1353 3372 1689 3429 nominatim
1730 3370 2047 3446 appellatis,
2078 3370 2209 3427 reli-

227 3483 376 3539 quos
423 3464 751 3521 cohortatus
798 3463 1028 3531 milites,
1077 3461 1242 3539 signa
1287 3460 1501 3519 inferre
1543 3469 1600 3517 et
1647 3459 1971 3535 manipulos
2010 3460 2209 3519 laxare
2230 3462 2307 3517 35

223 3552 418 3629 jussit,
460 3570 575 3628 quo
605 3550 838 3611 facilius
877 3550 1086 3629 gladiis
1128 3550 1212 3607 uti
1260 3559 1507 3626 possent.
1590 3547 1777 3623 Cujus
1818 3548 2069 3605 adventu
2110 3568 2211 3624 spe

229 3642 394 3700 illata
414 3642 712 3711 militibus,
731 3660 802 3699 ac
831 3640 1214 3716 redintegrato
1235 3639 1445 3706 animo,
1467 3656 1647 3712 quum
1670 3654 1771 3713 pro
1798 3655 1861 3693 se
1890 3636 2133 3711 quisque
2148 3638 2209 3693 in

231 3741 544 3808 conspectu
571 3731 948 3808 imperatoris,
979 3729 1153 3786 etiam
1181 3728 1241 3783 in
1283 3726 1555 3783 extremis
1595 3726 1717 3783 suis
1758 3724 1949 3794 rebus,
1976 3742 2209 3802 operam

231 3838 452 3881 navare
479 3827 774 3897 cuperent,
805 3819 1046 3895 paulum
1073 3817 1321 3875 hostium
1343 3816 1591 3892 impetus
1617 3813 1877 3874 tardatus
1902 3823 2009 3873 est.
