<?xml version="1.0" encoding="UTF-8"?>
<!DOCTYPE html PUBLIC "-//W3C//DTD XHTML 1.0 Transitional//EN"
    "http://www.w3.org/TR/xhtml1/DTD/xhtml1-transitional.dtd">
<html xmlns="http://www.w3.org/1999/xhtml" xml:lang="en" lang="en">
 <head>
  <title>
</title>
<meta http-equiv="Content-Type" content="text/html;charset=utf-8" />
  <meta name='ocr-system' content='tesseract 3.04.00' />
  <meta name='ocr-capabilities' content='ocr_page ocr_carea ocr_par ocr_line ocrx_word'/>
</head>
<body>
  <div class='ocr_page' id='page_1' title='image "./cjuliuscaesarsc01spengoog_0027.png"; bbox 0 0 2709 4300; ppageno 0'>
   <div class='ocr_carea' id='block_1_1' title="bbox 159 253 2255 318">
    <p class='ocr_par' dir='ltr' id='par_1_1' title="bbox 159 253 2255 318">
     <span class='ocr_line' id='line_1_1' title="bbox 159 253 2255 318; baseline -0.001 -5"><span class='ocrx_word' id='word_1_1' title='bbox 159 266 284 313; x_wconf 75' lang='lat' dir='ltr'><strong>Gu.</strong></span> <span class='ocrx_word' id='word_1_2' title='bbox 305 265 402 318; x_wconf 58' lang='lat'><strong>141</strong></span> <span class='ocrx_word' id='word_1_3' title='bbox 979 261 1172 310; x_wconf 72' lang='lat' dir='ltr'><strong>mm</strong></span> <span class='ocrx_word' id='word_1_4' title='bbox 1207 259 1467 309; x_wconf 69' lang='lat' dir='ltr'><strong>rmus,</strong></span> <span class='ocrx_word' id='word_1_5' title='bbox 2177 253 2255 311; x_wconf 78' lang='grc'><strong>19</strong></span> 
     </span>
    </p>
   </div>
   <div class='ocr_carea' id='block_1_2' title="bbox 151 382 2254 3904">
    <p class='ocr_par' dir='ltr' id='par_1_2' title="bbox 151 382 2254 2006">
     <span class='ocr_line' id='line_1_2' title="bbox 151 382 2149 476; baseline -0.002 -15"><span class='ocrx_word' id='word_1_6' title='bbox 151 403 492 461; x_wconf 68' lang='lat' dir='ltr'><strong>exereitum</strong></span> <span class='ocrx_word' id='word_1_7' title='bbox 533 399 803 460; x_wconf 79' lang='lat' dir='ltr'><strong>traducit.</strong></span> <span class='ocrx_word' id='word_1_8' title='bbox 887 397 1162 470; x_wconf 74' lang='lat' dir='ltr'><strong>Helvetii,</strong></span> <span class='ocrx_word' id='word_1_9' title='bbox 1201 382 1501 476; x_wconf 78' lang='lat' dir='ltr'><strong>repentino</strong></span> <span class='ocrx_word' id='word_1_10' title='bbox 1538 399 1667 475; x_wconf 83' lang='lat' dir='ltr'><strong>ejus</strong></span> <span class='ocrx_word' id='word_1_11' title='bbox 1704 397 1957 458; x_wconf 78' lang='lat' dir='ltr'><strong>adventu</strong></span> <span class='ocrx_word' id='word_1_12' title='bbox 1998 417 2149 458; x_wconf 81' lang='lat' dir='ltr'><strong>cont-</strong></span> 
     </span>
     <span class='ocr_line' id='line_1_3' title="bbox 153 491 2152 569; baseline -0.001 -18"><span class='ocrx_word' id='word_1_13' title='bbox 153 496 320 564; x_wconf 89' lang='lat' dir='ltr'><strong>moti,</strong></span> <span class='ocrx_word' id='word_1_14' title='bbox 353 511 534 569; x_wconf 89' lang='lat' dir='ltr'><strong>quum</strong></span> <span class='ocrx_word' id='word_1_15' title='bbox 577 492 654 562; x_wconf 93' lang='lat' dir='ltr'><strong>id,</strong></span> <span class='ocrx_word' id='word_1_16' title='bbox 683 492 836 568; x_wconf 89' lang='lat' dir='ltr'><strong>quod</strong></span> <span class='ocrx_word' id='word_1_17' title='bbox 881 492 992 568; x_wconf 85' lang='lat' dir='ltr'><strong>ipsi</strong></span> <span class='ocrx_word' id='word_1_18' title='bbox 1033 491 1238 549; x_wconf 86' lang='lat' dir='ltr'><strong>diebus</strong></span> <span class='ocrx_word' id='word_1_19' title='bbox 1277 491 1482 569; x_wconf 86' lang='lat' dir='ltr'><strong>viginti</strong></span> <span class='ocrx_word' id='word_1_20' title='bbox 1526 493 1847 568; x_wconf 84' lang='lat' dir='ltr'><strong>aegerrime</strong></span> <span class='ocrx_word' id='word_1_21' title='bbox 1888 491 2152 550; x_wconf 80' lang='lat' dir='ltr'><strong>confece-</strong></span> 
     </span>
     <span class='ocr_line' id='line_1_4' title="bbox 155 581 2149 660; baseline -0.002 -17"><span class='ocrx_word' id='word_1_22' title='bbox 155 595 312 655; x_wconf 87' lang='lat' dir='ltr'><strong>rant,</strong></span> <span class='ocrx_word' id='word_1_23' title='bbox 344 595 410 643; x_wconf 83' lang='lat' dir='ltr'><strong>ut</strong></span> <span class='ocrx_word' id='word_1_24' title='bbox 436 585 652 642; x_wconf 83' lang='lat' dir='ltr'><strong>flumen</strong></span> <span class='ocrx_word' id='word_1_25' title='bbox 679 583 1008 652; x_wconf 80' lang='lat' dir='ltr'><strong>transirent,</strong></span> <span class='ocrx_word' id='word_1_26' title='bbox 1038 599 1154 640; x_wconf 90' lang='lat' dir='ltr'><strong>uno</strong></span> <span class='ocrx_word' id='word_1_27' title='bbox 1181 581 1350 640; x_wconf 87' lang='lat' dir='ltr'><strong>illum</strong></span> <span class='ocrx_word' id='word_1_28' title='bbox 1376 583 1471 640; x_wconf 89' lang='lat' dir='ltr'><strong>die</strong></span> <span class='ocrx_word' id='word_1_29' title='bbox 1499 581 1705 640; x_wconf 84' lang='lat' dir='ltr'><strong>fecisse</strong></span> <span class='ocrx_word' id='word_1_30' title='bbox 1744 582 2149 660; x_wconf 75' lang='lat' dir='ltr'>intelligerent,</span> 
     </span>
     <span class='ocr_line' id='line_1_5' title="bbox 154 672 2152 753; baseline -0.001 -21"><span class='ocrx_word' id='word_1_31' title='bbox 154 675 388 753; x_wconf 84' lang='lat' dir='ltr'><strong>legatos</strong></span> <span class='ocrx_word' id='word_1_32' title='bbox 431 675 504 732; x_wconf 88' lang='lat' dir='ltr'><strong>ad</strong></span> <span class='ocrx_word' id='word_1_33' title='bbox 553 692 690 732; x_wconf 83' lang='lat' dir='ltr'><strong>eum</strong></span> <span class='ocrx_word' id='word_1_34' title='bbox 735 675 1002 732; x_wconf 74' lang='lat' dir='ltr'><strong>mittuntz</strong></span> <span class='ocrx_word' id='word_1_35' title='bbox 1067 673 1242 749; x_wconf 86' lang='lat' dir='ltr'><strong>cujus</strong></span> <span class='ocrx_word' id='word_1_36' title='bbox 1283 673 1590 749; x_wconf 80' lang='lat' dir='ltr'>legationis</span> <span class='ocrx_word' id='word_1_37' title='bbox 1632 672 1843 731; x_wconf 82' lang='lat' dir='ltr'><strong>Divico</strong></span> <span class='ocrx_word' id='word_1_38' title='bbox 1886 673 2152 750; x_wconf 81' lang='lat' dir='ltr'><strong>princeps</strong></span> 
     </span>
     <span class='ocr_line' id='line_1_6' title="bbox 157 761 2215 840; baseline 0.001 -18"><span class='ocrx_word' id='word_1_39' title='bbox 157 764 290 835; x_wconf 85' lang='lat' dir='ltr'><strong>fuit,</strong></span> <span class='ocrx_word' id='word_1_40' title='bbox 323 765 424 840; x_wconf 91' lang='lat' dir='ltr'><strong>qui</strong></span> <span class='ocrx_word' id='word_1_41' title='bbox 452 764 602 822; x_wconf 89' lang='lat' dir='ltr'><strong>bello</strong></span> <span class='ocrx_word' id='word_1_42' title='bbox 627 764 908 822; x_wconf 77' lang='lat' dir='ltr'><strong>Cassiano</strong></span> <span class='ocrx_word' id='word_1_43' title='bbox 933 763 1052 822; x_wconf 86' lang='lat' dir='ltr'><strong>dux</strong></span> <span class='ocrx_word' id='word_1_44' title='bbox 1082 762 1486 820; x_wconf 80' lang='lat' dir='ltr'><strong>Helvetiorum</strong></span> <span class='ocrx_word' id='word_1_45' title='bbox 1527 761 1737 820; x_wconf 85' lang='lat' dir='ltr'><strong>fuerat.</strong></span> <span class='ocrx_word' id='word_1_46' title='bbox 1820 761 1879 820; x_wconf 89' lang='lat' dir='ltr'><strong>Is</strong></span> <span class='ocrx_word' id='word_1_47' title='bbox 1905 763 1985 820; x_wconf 84' lang='lat' dir='ltr'><strong>ita</strong></span> <span class='ocrx_word' id='word_1_48' title='bbox 2012 781 2149 820; x_wconf 87' lang='lat' dir='ltr'><strong>cum</strong></span> <span class='ocrx_word' id='word_1_49' title='bbox 2174 769 2215 824; x_wconf 75' lang='lat'><strong>5</strong></span> 
     </span>
     <span class='ocr_line' id='line_1_7' title="bbox 155 852 2151 932; baseline -0.002 -18"><span class='ocrx_word' id='word_1_50' title='bbox 155 855 418 914; x_wconf 75' lang='lat' dir='ltr'><strong>Caesare</strong></span> <span class='ocrx_word' id='word_1_51' title='bbox 465 856 619 932; x_wconf 86' lang='lat' dir='ltr'><strong>agit:</strong></span> <span class='ocrx_word' id='word_1_52' title='bbox 677 855 744 912; x_wconf 87' lang='lat' dir='ltr'><strong>Si</strong></span> <span class='ocrx_word' id='word_1_53' title='bbox 791 873 997 930; x_wconf 80' lang='lat' dir='ltr'><strong>paoem</strong></span> <span class='ocrx_word' id='word_1_54' title='bbox 1041 854 1298 931; x_wconf 87' lang='lat' dir='ltr'><strong>Populus</strong></span> <span class='ocrx_word' id='word_1_55' title='bbox 1341 853 1641 911; x_wconf 80' lang='lat' dir='ltr'><strong>Romanus</strong></span> <span class='ocrx_word' id='word_1_56' title='bbox 1682 871 1821 910; x_wconf 87' lang='lat' dir='ltr'><strong>cum</strong></span> <span class='ocrx_word' id='word_1_57' title='bbox 1865 852 2151 914; x_wconf 83' lang='lat' dir='ltr'><strong>Helvetiis</strong></span> 
     </span>
     <span class='ocr_line' id='line_1_8' title="bbox 159 943 2149 1022; baseline -0.002 -18"><span class='ocrx_word' id='word_1_58' title='bbox 159 946 402 1016; x_wconf 86' lang='lat' dir='ltr'><strong>faceret,</strong></span> <span class='ocrx_word' id='word_1_59' title='bbox 433 947 494 1002; x_wconf 87' lang='lat' dir='ltr'><strong>in</strong></span> <span class='ocrx_word' id='word_1_60' title='bbox 521 965 650 1004; x_wconf 86' lang='lat' dir='ltr'><strong>eam</strong></span> <span class='ocrx_word' id='word_1_61' title='bbox 682 955 902 1022; x_wconf 84' lang='lat' dir='ltr'><strong>partem</strong></span> <span class='ocrx_word' id='word_1_62' title='bbox 931 947 1110 1004; x_wconf 88' lang='lat' dir='ltr'><strong>ituros</strong></span> <span class='ocrx_word' id='word_1_63' title='bbox 1139 956 1312 1021; x_wconf 90' lang='lat' dir='ltr'><strong>atque</strong></span> <span class='ocrx_word' id='word_1_64' title='bbox 1339 946 1421 1002; x_wconf 88' lang='lat' dir='ltr'><strong>ibi</strong></span> <span class='ocrx_word' id='word_1_65' title='bbox 1452 944 1677 1002; x_wconf 89' lang='lat' dir='ltr'><strong>futuros</strong></span> <span class='ocrx_word' id='word_1_66' title='bbox 1705 943 2024 1013; x_wconf 82' lang='lat' dir='ltr'><strong>Helvetios,</strong></span> <span class='ocrx_word' id='word_1_67' title='bbox 2049 945 2149 1002; x_wconf 86' lang='lat' dir='ltr'><strong>ubi</strong></span> 
     </span>
     <span class='ocr_line' id='line_1_9' title="bbox 155 1033 2149 1110; baseline -0.001 -17"><span class='ocrx_word' id='word_1_68' title='bbox 155 1055 260 1093; x_wconf 87' lang='lat' dir='ltr'><strong>eos</strong></span> <span class='ocrx_word' id='word_1_69' title='bbox 286 1035 510 1093; x_wconf 86' lang='lat' dir='ltr'><strong>Caesar</strong></span> <span class='ocrx_word' id='word_1_70' title='bbox 535 1034 922 1093; x_wconf 86' lang='lat' dir='ltr'><strong>constituisset</strong></span> <span class='ocrx_word' id='word_1_71' title='bbox 951 1043 1122 1109; x_wconf 87' lang='lat' dir='ltr'><strong>atque</strong></span> <span class='ocrx_word' id='word_1_72' title='bbox 1149 1053 1276 1093; x_wconf 87' lang='lat' dir='ltr'><strong>esse</strong></span> <span class='ocrx_word' id='word_1_73' title='bbox 1297 1034 1605 1092; x_wconf 83' lang='lat' dir='ltr'><strong>voluisset:</strong></span> <span class='ocrx_word' id='word_1_74' title='bbox 1648 1034 1738 1091; x_wconf 86' lang='lat' dir='ltr'><strong>sin</strong></span> <span class='ocrx_word' id='word_1_75' title='bbox 1768 1033 1919 1091; x_wconf 89' lang='lat' dir='ltr'><strong>bello</strong></span> <span class='ocrx_word' id='word_1_76' title='bbox 1958 1051 2149 1110; x_wconf 82' lang='lat' dir='ltr'><strong>perse-</strong></span> 
     </span>
     <span class='ocr_line' id='line_1_10' title="bbox 155 1122 2150 1201; baseline -0.001 -19"><span class='ocrx_word' id='word_1_77' title='bbox 155 1127 260 1200; x_wconf 87' lang='lat' dir='ltr'><strong>qui</strong></span> <span class='ocrx_word' id='word_1_78' title='bbox 289 1134 702 1201; x_wconf 82' lang='lat' dir='ltr'><strong>perseveraret,</strong></span> <span class='ocrx_word' id='word_1_79' title='bbox 737 1124 1205 1185; x_wconf 81' lang='lat' dir='ltr'><strong>reminisceretur</strong></span> <span class='ocrx_word' id='word_1_80' title='bbox 1235 1135 1294 1182; x_wconf 88' lang='lat' dir='ltr'><strong>et</strong></span> <span class='ocrx_word' id='word_1_81' title='bbox 1321 1125 1534 1182; x_wconf 85' lang='lat' dir='ltr'><strong>veteris</strong></span> <span class='ocrx_word' id='word_1_82' title='bbox 1573 1123 1917 1181; x_wconf 82' lang='lat' dir='ltr'><strong>incommodi</strong></span> <span class='ocrx_word' id='word_1_83' title='bbox 1946 1122 2150 1199; x_wconf 84' lang='lat' dir='ltr'>Populi</span> 
     </span>
     <span class='ocr_line' id='line_1_11' title="bbox 159 1213 2254 1291; baseline 0.001 -19"><span class='ocrx_word' id='word_1_84' title='bbox 159 1215 416 1272; x_wconf 85' lang='lat' dir='ltr'><strong>Romani</strong></span> <span class='ocrx_word' id='word_1_85' title='bbox 443 1224 502 1272; x_wconf 85' lang='lat' dir='ltr'><strong>et</strong></span> <span class='ocrx_word' id='word_1_86' title='bbox 541 1215 816 1291; x_wconf 80' lang='lat' dir='ltr'><strong>pristinae</strong></span> <span class='ocrx_word' id='word_1_87' title='bbox 853 1215 1080 1272; x_wconf 87' lang='lat' dir='ltr'><strong>virtutis</strong></span> <span class='ocrx_word' id='word_1_88' title='bbox 1121 1213 1545 1272; x_wconf 82' lang='lat' dir='ltr'><strong>Helvetiorum.</strong></span> <span class='ocrx_word' id='word_1_89' title='bbox 1628 1213 1803 1278; x_wconf 85' lang='lat' dir='ltr'><strong>Quod</strong></span> <span class='ocrx_word' id='word_1_90' title='bbox 1841 1213 2151 1289; x_wconf 84' lang='lat' dir='ltr'><strong>improviso</strong></span> <span class='ocrx_word' id='word_1_91' title='bbox 2178 1219 2254 1274; x_wconf 85' lang='lat'><strong>10</strong></span> 
     </span>
     <span class='ocr_line' id='line_1_12' title="bbox 157 1304 2149 1383; baseline -0.002 -20"><span class='ocrx_word' id='word_1_92' title='bbox 157 1325 346 1364; x_wconf 88' lang='lat' dir='ltr'><strong>unum</strong></span> <span class='ocrx_word' id='word_1_93' title='bbox 387 1325 600 1383; x_wconf 87' lang='lat' dir='ltr'><strong>pagum</strong></span> <span class='ocrx_word' id='word_1_94' title='bbox 629 1305 862 1362; x_wconf 76' lang='lat' dir='ltr'><strong>adortus</strong></span> <span class='ocrx_word' id='word_1_95' title='bbox 901 1315 1068 1375; x_wconf 86' lang='lat' dir='ltr'><strong>esset,</strong></span> <span class='ocrx_word' id='word_1_96' title='bbox 1097 1322 1280 1382; x_wconf 89' lang='lat' dir='ltr'><strong>quum</strong></span> <span class='ocrx_word' id='word_1_97' title='bbox 1309 1306 1368 1374; x_wconf 92' lang='lat' dir='ltr'><strong>ii,</strong></span> <span class='ocrx_word' id='word_1_98' title='bbox 1397 1305 1499 1380; x_wconf 91' lang='lat' dir='ltr'><strong>qui</strong></span> <span class='ocrx_word' id='word_1_99' title='bbox 1540 1304 1755 1370; x_wconf 82' lang='lat' dir='ltr'><strong>flumen</strong></span> <span class='ocrx_word' id='word_1_100' title='bbox 1795 1304 2149 1374; x_wconf 73' lang='lat' dir='ltr'><strong>transissent,</strong></span> 
     </span>
     <span class='ocr_line' id='line_1_13' title="bbox 155 1394 2149 1471; baseline -0.002 -18"><span class='ocrx_word' id='word_1_101' title='bbox 155 1397 284 1453; x_wconf 89' lang='lat' dir='ltr'><strong>suis</strong></span> <span class='ocrx_word' id='word_1_102' title='bbox 332 1396 618 1453; x_wconf 84' lang='lat' dir='ltr'><strong>auxilium</strong></span> <span class='ocrx_word' id='word_1_103' title='bbox 669 1394 822 1453; x_wconf 82' lang='lat' dir='ltr'><strong>ferre</strong></span> <span class='ocrx_word' id='word_1_104' title='bbox 863 1413 976 1452; x_wconf 90' lang='lat' dir='ltr'><strong>non</strong></span> <span class='ocrx_word' id='word_1_105' title='bbox 1015 1405 1260 1471; x_wconf 81' lang='lat' dir='ltr'><strong>possent,</strong></span> <span class='ocrx_word' id='word_1_106' title='bbox 1303 1413 1377 1451; x_wconf 87' lang='lat' dir='ltr'><strong>ne</strong></span> <span class='ocrx_word' id='word_1_107' title='bbox 1416 1394 1491 1450; x_wconf 89' lang='lat' dir='ltr'><strong>ob</strong></span> <span class='ocrx_word' id='word_1_108' title='bbox 1530 1411 1660 1450; x_wconf 82' lang='lat' dir='ltr'><strong>eam</strong></span> <span class='ocrx_word' id='word_1_109' title='bbox 1702 1410 1825 1449; x_wconf 87' lang='lat' dir='ltr'><strong>rem</strong></span> <span class='ocrx_word' id='word_1_110' title='bbox 1868 1401 1967 1452; x_wconf 87' lang='lat' dir='ltr'><strong>aut</strong></span> <span class='ocrx_word' id='word_1_111' title='bbox 2007 1411 2149 1450; x_wconf 81' lang='lat' dir='ltr'><strong>suae</strong></span> 
     </span>
     <span class='ocr_line' id='line_1_14' title="bbox 155 1481 2153 1562; baseline -0.001 -21"><span class='ocrx_word' id='word_1_112' title='bbox 155 1503 512 1562; x_wconf 81' lang='lat' dir='ltr'><strong>magnopere</strong></span> <span class='ocrx_word' id='word_1_113' title='bbox 555 1484 754 1542; x_wconf 84' lang='lat' dir='ltr'><strong>virtuti</strong></span> <span class='ocrx_word' id='word_1_114' title='bbox 801 1484 1100 1553; x_wconf 84' lang='lat' dir='ltr'><strong>tribueret,</strong></span> <span class='ocrx_word' id='word_1_115' title='bbox 1147 1492 1248 1540; x_wconf 84' lang='lat' dir='ltr'><strong>aut</strong></span> <span class='ocrx_word' id='word_1_116' title='bbox 1287 1483 1441 1557; x_wconf 89' lang='lat' dir='ltr'><strong>ipsos</strong></span> <span class='ocrx_word' id='word_1_117' title='bbox 1490 1481 1845 1557; x_wconf 85' lang='lat' dir='ltr'><strong>despiceret:</strong></span> <span class='ocrx_word' id='word_1_118' title='bbox 1888 1499 1953 1538; x_wconf 81' lang='lat' dir='ltr'><strong>se</strong></span> <span class='ocrx_word' id='word_1_119' title='bbox 1993 1483 2073 1539; x_wconf 87' lang='lat' dir='ltr'><strong>ita</strong></span> <span class='ocrx_word' id='word_1_120' title='bbox 2115 1501 2153 1540; x_wconf 86' lang='lat' dir='ltr'><strong>a</strong></span> 
     </span>
     <span class='ocr_line' id='line_1_15' title="bbox 156 1570 2149 1651; baseline -0.002 -19"><span class='ocrx_word' id='word_1_121' title='bbox 156 1575 426 1651; x_wconf 82' lang='lat' dir='ltr'><strong>patribus</strong></span> <span class='ocrx_word' id='word_1_122' title='bbox 451 1574 876 1649; x_wconf 86' lang='lat' dir='ltr'><strong>majoribusque</strong></span> <span class='ocrx_word' id='word_1_123' title='bbox 903 1575 1029 1631; x_wconf 86' lang='lat' dir='ltr'><strong>suis</strong></span> <span class='ocrx_word' id='word_1_124' title='bbox 1067 1572 1356 1642; x_wconf 79' lang='lat' dir='ltr'><strong>didicisse,</strong></span> <span class='ocrx_word' id='word_1_125' title='bbox 1399 1580 1462 1628; x_wconf 91' lang='lat' dir='ltr'><strong>ut</strong></span> <span class='ocrx_word' id='word_1_126' title='bbox 1502 1572 1689 1648; x_wconf 86' lang='lat' dir='ltr'><strong>magis</strong></span> <span class='ocrx_word' id='word_1_127' title='bbox 1716 1570 1944 1641; x_wconf 83' lang='lat' dir='ltr'><strong>virtute,</strong></span> <span class='ocrx_word' id='word_1_128' title='bbox 1972 1589 2149 1648; x_wconf 88' lang='lat' dir='ltr'><strong>quam</strong></span> 
     </span>
     <span class='ocr_line' id='line_1_16' title="bbox 155 1661 2251 1732; baseline 0 -12"><span class='ocrx_word' id='word_1_129' title='bbox 155 1663 288 1721; x_wconf 91' lang='lat' dir='ltr'><strong>dolo</strong></span> <span class='ocrx_word' id='word_1_130' title='bbox 333 1663 758 1732; x_wconf 75' lang='lat' dir='ltr'><strong>contenderent,</strong></span> <span class='ocrx_word' id='word_1_131' title='bbox 799 1673 900 1720; x_wconf 91' lang='lat' dir='ltr'><strong>aut</strong></span> <span class='ocrx_word' id='word_1_132' title='bbox 939 1661 1164 1720; x_wconf 83' lang='lat' dir='ltr'><strong>insidiis</strong></span> <span class='ocrx_word' id='word_1_133' title='bbox 1203 1662 1544 1719; x_wconf 86' lang='lat' dir='ltr'><strong>niterentur.</strong></span> <span class='ocrx_word' id='word_1_134' title='bbox 1627 1661 1831 1726; x_wconf 80' lang='lat' dir='ltr'><strong>Quare</strong></span> <span class='ocrx_word' id='word_1_135' title='bbox 1879 1679 1953 1718; x_wconf 89' lang='lat' dir='ltr'><strong>ne</strong></span> <span class='ocrx_word' id='word_1_136' title='bbox 1994 1679 2146 1718; x_wconf 87' lang='lat' dir='ltr'><strong>com-</strong></span> <span class='ocrx_word' id='word_1_137' title='bbox 2178 1667 2251 1722; x_wconf 76' lang='lat'><strong>15</strong></span> 
     </span>
     <span class='ocr_line' id='line_1_17' title="bbox 157 1750 2146 1828; baseline 0.001 -20"><span class='ocrx_word' id='word_1_138' title='bbox 157 1753 433 1822; x_wconf 86' lang='lat' dir='ltr'><strong>mitteret,</strong></span> <span class='ocrx_word' id='word_1_139' title='bbox 465 1761 530 1809; x_wconf 89' lang='lat' dir='ltr'><strong>ut</strong></span> <span class='ocrx_word' id='word_1_140' title='bbox 555 1753 606 1809; x_wconf 90' lang='lat' dir='ltr'><strong>is</strong></span> <span class='ocrx_word' id='word_1_141' title='bbox 652 1752 834 1821; x_wconf 86' lang='lat' dir='ltr'><strong>locus,</strong></span> <span class='ocrx_word' id='word_1_142' title='bbox 867 1753 965 1809; x_wconf 90' lang='lat' dir='ltr'><strong>ubi</strong></span> <span class='ocrx_word' id='word_1_143' title='bbox 1007 1752 1408 1820; x_wconf 80' lang='lat' dir='ltr'><strong>constitissent,</strong></span> <span class='ocrx_word' id='word_1_144' title='bbox 1452 1768 1525 1808; x_wconf 83' lang='lat' dir='ltr'><strong>ex</strong></span> <span class='ocrx_word' id='word_1_145' title='bbox 1566 1751 1897 1808; x_wconf 81' lang='lat' dir='ltr'><strong>calamitate</strong></span> <span class='ocrx_word' id='word_1_146' title='bbox 1943 1750 2146 1828; x_wconf 86' lang='lat' dir='ltr'><strong>Populi</strong></span> 
     </span>
     <span class='ocr_line' id='line_1_18' title="bbox 158 1841 2143 1916; baseline 0.001 -17"><span class='ocrx_word' id='word_1_147' title='bbox 158 1841 414 1899; x_wconf 88' lang='lat' dir='ltr'><strong>Romani</strong></span> <span class='ocrx_word' id='word_1_148' title='bbox 441 1853 497 1900; x_wconf 87' lang='lat' dir='ltr'><strong>et</strong></span> <span class='ocrx_word' id='word_1_149' title='bbox 523 1841 912 1900; x_wconf 85' lang='lat' dir='ltr'><strong>internecione</strong></span> <span class='ocrx_word' id='word_1_150' title='bbox 938 1841 1266 1900; x_wconf 81' lang='lat' dir='ltr'><strong>excercitus</strong></span> <span class='ocrx_word' id='word_1_151' title='bbox 1291 1859 1501 1898; x_wconf 87' lang='lat' dir='ltr'><strong>nomen</strong></span> <span class='ocrx_word' id='word_1_152' title='bbox 1522 1850 1777 1916; x_wconf 85' lang='lat' dir='ltr'><strong>caperet,</strong></span> <span class='ocrx_word' id='word_1_153' title='bbox 1803 1850 1905 1900; x_wconf 89' lang='lat' dir='ltr'><strong>aut</strong></span> <span class='ocrx_word' id='word_1_154' title='bbox 1935 1859 2143 1900; x_wconf 86' lang='lat' dir='ltr'><strong>memo-</strong></span> 
     </span>
     <span class='ocr_line' id='line_1_19' title="bbox 159 1929 623 2006; baseline 0 -20"><span class='ocrx_word' id='word_1_155' title='bbox 159 1931 310 1988; x_wconf 90' lang='lat' dir='ltr'><strong>riam</strong></span> <span class='ocrx_word' id='word_1_156' title='bbox 341 1929 623 2006; x_wconf 80' lang='lat' dir='ltr'><strong>proderet.</strong></span> 
     </span>
    </p>

    <p class='ocr_par' dir='ltr' id='par_1_3' title="bbox 155 2017 2251 3819">
     <span class='ocr_line' id='line_1_20' title="bbox 240 2017 2144 2096; baseline 0.002 -20"><span class='ocrx_word' id='word_1_157' title='bbox 240 2019 409 2076; x_wconf 89' lang='lat' dir='ltr'><strong>XIV.</strong></span> <span class='ocrx_word' id='word_1_158' title='bbox 454 2019 566 2077; x_wconf 85' lang='lat' dir='ltr'><strong>His</strong></span> <span class='ocrx_word' id='word_1_159' title='bbox 585 2019 804 2078; x_wconf 87' lang='lat' dir='ltr'><strong>Caesar</strong></span> <span class='ocrx_word' id='word_1_160' title='bbox 831 2020 911 2077; x_wconf 89' lang='lat' dir='ltr'><strong>ita</strong></span> <span class='ocrx_word' id='word_1_161' title='bbox 939 2017 1261 2096; x_wconf 86' lang='lat' dir='ltr'><strong>respondit:</strong></span> <span class='ocrx_word' id='word_1_162' title='bbox 1303 2019 1395 2077; x_wconf 89' lang='lat' dir='ltr'><strong>Eo</strong></span> <span class='ocrx_word' id='word_1_163' title='bbox 1418 2019 1529 2076; x_wconf 88' lang='lat' dir='ltr'><strong>sibi</strong></span> <span class='ocrx_word' id='word_1_164' title='bbox 1556 2020 1749 2078; x_wconf 87' lang='lat' dir='ltr'><strong>minus</strong></span> <span class='ocrx_word' id='word_1_165' title='bbox 1776 2019 2144 2080; x_wconf 86' lang='lat' dir='ltr'><strong>dubitationis</strong></span> 
     </span>
     <span class='ocr_line' id='line_1_21' title="bbox 156 2108 2251 2187; baseline 0.003 -20"><span class='ocrx_word' id='word_1_166' title='bbox 156 2108 304 2181; x_wconf 85' lang='lat' dir='ltr'><strong>dari,</strong></span> <span class='ocrx_word' id='word_1_167' title='bbox 335 2109 487 2185; x_wconf 87' lang='lat' dir='ltr'><strong>quod</strong></span> <span class='ocrx_word' id='word_1_168' title='bbox 515 2127 618 2167; x_wconf 85' lang='lat' dir='ltr'><strong>eas</strong></span> <span class='ocrx_word' id='word_1_169' title='bbox 643 2127 756 2180; x_wconf 87' lang='lat' dir='ltr'><strong>res,</strong></span> <span class='ocrx_word' id='word_1_170' title='bbox 785 2127 933 2187; x_wconf 82' lang='lat' dir='ltr'><strong>quas</strong></span> <span class='ocrx_word' id='word_1_171' title='bbox 961 2109 1136 2187; x_wconf 85' lang='lat' dir='ltr'><strong>legati</strong></span> <span class='ocrx_word' id='word_1_172' title='bbox 1159 2108 1417 2169; x_wconf 85' lang='lat' dir='ltr'><strong>Helvetii</strong></span> <span class='ocrx_word' id='word_1_173' title='bbox 1444 2120 2007 2183; x_wconf 79' lang='lat' dir='ltr'><strong>commemorassent,</strong></span> <span class='ocrx_word' id='word_1_174' title='bbox 2024 2131 2141 2171; x_wconf 85' lang='lat' dir='ltr'><strong>rne-</strong></span> <span class='ocrx_word' id='word_1_175' title='bbox 2170 2117 2251 2175; x_wconf 77' lang='lat'><strong>20</strong></span> 
     </span>
     <span class='ocr_line' id='line_1_22' title="bbox 157 2198 2145 2278; baseline 0.002 -22"><span class='ocrx_word' id='word_1_176' title='bbox 157 2199 346 2256; x_wconf 86' lang='lat' dir='ltr'><strong>moria</strong></span> <span class='ocrx_word' id='word_1_177' title='bbox 391 2208 650 2273; x_wconf 83' lang='lat' dir='ltr'><strong>teneret3</strong></span> <span class='ocrx_word' id='word_1_178' title='bbox 717 2209 888 2275; x_wconf 81' lang='lat' dir='ltr'><strong>atque</strong></span> <span class='ocrx_word' id='word_1_179' title='bbox 935 2219 1006 2257; x_wconf 91' lang='lat' dir='ltr'><strong>eo</strong></span> <span class='ocrx_word' id='word_1_180' title='bbox 1051 2200 1294 2275; x_wconf 86' lang='lat' dir='ltr'><strong>gravius</strong></span> <span class='ocrx_word' id='word_1_181' title='bbox 1339 2198 1511 2271; x_wconf 88' lang='lat' dir='ltr'><strong>ferre,</strong></span> <span class='ocrx_word' id='word_1_182' title='bbox 1552 2218 1669 2277; x_wconf 89' lang='lat' dir='ltr'><strong>quo</strong></span> <span class='ocrx_word' id='word_1_183' title='bbox 1710 2202 1901 2260; x_wconf 70' lang='lat' dir='ltr'><strong>mium</strong></span> <span class='ocrx_word' id='word_1_184' title='bbox 1942 2203 2145 2278; x_wconf 74' lang='lat' dir='ltr'><strong>merito</strong></span> 
     </span>
     <span class='ocr_line' id='line_1_23' title="bbox 159 2283 2141 2365; baseline -0.002 -20"><span class='ocrx_word' id='word_1_185' title='bbox 159 2283 366 2365; x_wconf 84' lang='lat' dir='ltr'><strong>Populi</strong></span> <span class='ocrx_word' id='word_1_186' title='bbox 395 2287 644 2349; x_wconf 77' lang='lat' dir='ltr'><strong>Romani</strong></span> <span class='ocrx_word' id='word_1_187' title='bbox 671 2288 1008 2347; x_wconf 83' lang='lat' dir='ltr'><strong>accidisset:</strong></span> <span class='ocrx_word' id='word_1_188' title='bbox 1051 2290 1156 2364; x_wconf 88' lang='lat' dir='ltr'><strong>qui</strong></span> <span class='ocrx_word' id='word_1_189' title='bbox 1193 2290 1245 2347; x_wconf 83' lang='lat' dir='ltr'><strong>si</strong></span> <span class='ocrx_word' id='word_1_190' title='bbox 1287 2289 1541 2365; x_wconf 87' lang='lat' dir='ltr'><strong>alicujus</strong></span> <span class='ocrx_word' id='word_1_191' title='bbox 1578 2289 1831 2364; x_wconf 87' lang='lat' dir='ltr'><strong>injuriae</strong></span> <span class='ocrx_word' id='word_1_192' title='bbox 1872 2291 1983 2348; x_wconf 81' lang='lat' dir='ltr'><strong>sibi</strong></span> <span class='ocrx_word' id='word_1_193' title='bbox 2008 2308 2141 2349; x_wconf 86' lang='lat' dir='ltr'><strong>con.</strong></span> 
     </span>
     <span class='ocr_line' id='line_1_24' title="bbox 157 2378 2141 2456; baseline 0 -19"><span class='ocrx_word' id='word_1_194' title='bbox 157 2380 322 2437; x_wconf 89' lang='lat' dir='ltr'><strong>scius</strong></span> <span class='ocrx_word' id='word_1_195' title='bbox 361 2378 582 2449; x_wconf 88' lang='lat' dir='ltr'><strong>fuisset,</strong></span> <span class='ocrx_word' id='word_1_196' title='bbox 611 2397 726 2436; x_wconf 88' lang='lat' dir='ltr'><strong>non</strong></span> <span class='ocrx_word' id='word_1_197' title='bbox 767 2378 948 2437; x_wconf 81' lang='lat' dir='ltr'><strong>fuisse</strong></span> <span class='ocrx_word' id='word_1_198' title='bbox 989 2378 1224 2437; x_wconf 88' lang='lat' dir='ltr'><strong>difficile</strong></span> <span class='ocrx_word' id='word_1_199' title='bbox 1269 2398 1521 2452; x_wconf 81' lang='lat' dir='ltr'><strong>cavere3</strong></span> <span class='ocrx_word' id='word_1_200' title='bbox 1565 2380 1667 2437; x_wconf 85' lang='lat' dir='ltr'><strong>sed</strong></span> <span class='ocrx_word' id='word_1_201' title='bbox 1709 2398 1779 2437; x_wconf 89' lang='lat' dir='ltr'><strong>eo</strong></span> <span class='ocrx_word' id='word_1_202' title='bbox 1816 2379 2141 2456; x_wconf 85' lang='lat' dir='ltr'><strong>deceptum,</strong></span> 
     </span>
     <span class='ocr_line' id='line_1_25' title="bbox 155 2468 2138 2548; baseline 0.002 -24"><span class='ocrx_word' id='word_1_203' title='bbox 155 2468 310 2545; x_wconf 90' lang='lat' dir='ltr'><strong>quod</strong></span> <span class='ocrx_word' id='word_1_204' title='bbox 359 2487 548 2545; x_wconf 84' lang='lat' dir='ltr'><strong>neque</strong></span> <span class='ocrx_word' id='word_1_205' title='bbox 603 2470 974 2527; x_wconf 79' lang='lat' dir='ltr'><strong>commissum</strong></span> <span class='ocrx_word' id='word_1_206' title='bbox 1025 2488 1060 2526; x_wconf 87' lang='lat' dir='ltr'><strong>a</strong></span> <span class='ocrx_word' id='word_1_207' title='bbox 1105 2488 1170 2527; x_wconf 88' lang='lat' dir='ltr'><strong>se</strong></span> <span class='ocrx_word' id='word_1_208' title='bbox 1224 2470 1591 2548; x_wconf 85' lang='lat' dir='ltr'><strong>intelligeret,</strong></span> <span class='ocrx_word' id='word_1_209' title='bbox 1644 2486 1827 2545; x_wconf 87' lang='lat' dir='ltr'><strong>quare</strong></span> <span class='ocrx_word' id='word_1_210' title='bbox 1872 2470 2138 2543; x_wconf 83' lang='lat' dir='ltr'><strong>timaret3</strong></span> 
     </span>
     <span class='ocr_line' id='line_1_26' title="bbox 158 2558 2245 2635; baseline 0.002 -21"><span class='ocrx_word' id='word_1_211' title='bbox 158 2576 352 2633; x_wconf 89' lang='lat' dir='ltr'><strong>neque</strong></span> <span class='ocrx_word' id='word_1_212' title='bbox 378 2558 503 2617; x_wconf 83' lang='lat' dir='ltr'><strong>sine</strong></span> <span class='ocrx_word' id='word_1_213' title='bbox 547 2576 732 2615; x_wconf 86' lang='lat' dir='ltr'><strong>causa</strong></span> <span class='ocrx_word' id='word_1_214' title='bbox 775 2558 1096 2617; x_wconf 81' lang='lat' dir='ltr'><strong>timendum</strong></span> <span class='ocrx_word' id='word_1_215' title='bbox 1136 2568 1383 2635; x_wconf 85' lang='lat' dir='ltr'><strong>putaret.</strong></span> <span class='ocrx_word' id='word_1_216' title='bbox 1466 2558 1641 2625; x_wconf 84' lang='lat' dir='ltr'><strong>Quod</strong></span> <span class='ocrx_word' id='word_1_217' title='bbox 1680 2560 1731 2617; x_wconf 88' lang='lat' dir='ltr'><strong>si</strong></span> <span class='ocrx_word' id='word_1_218' title='bbox 1758 2560 1973 2617; x_wconf 77' lang='lat' dir='ltr'><strong>veteris</strong></span> <span class='ocrx_word' id='word_1_219' title='bbox 2010 2578 2141 2618; x_wconf 85' lang='lat' dir='ltr'><strong>con·</strong></span> <span class='ocrx_word' id='word_1_220' title='bbox 2168 2572 2245 2625; x_wconf 78' lang='lat'><strong>25</strong></span> 
     </span>
     <span class='ocr_line' id='line_1_27' title="bbox 158 2646 2140 2724; baseline 0 -19"><span class='ocrx_word' id='word_1_221' title='bbox 158 2646 437 2705; x_wconf 79' lang='lat' dir='ltr'><strong>tumeliae</strong></span> <span class='ocrx_word' id='word_1_222' title='bbox 477 2647 741 2705; x_wconf 86' lang='lat' dir='ltr'><strong>oblivisci</strong></span> <span class='ocrx_word' id='word_1_223' title='bbox 769 2646 961 2717; x_wconf 78' lang='lat' dir='ltr'><strong>vellet,</strong></span> <span class='ocrx_word' id='word_1_224' title='bbox 1007 2666 1148 2705; x_wconf 87' lang='lat' dir='ltr'><strong>num</strong></span> <span class='ocrx_word' id='word_1_225' title='bbox 1187 2649 1365 2706; x_wconf 88' lang='lat' dir='ltr'><strong>etiam</strong></span> <span class='ocrx_word' id='word_1_226' title='bbox 1410 2648 1735 2707; x_wconf 88' lang='lat' dir='ltr'><strong>recentium</strong></span> <span class='ocrx_word' id='word_1_227' title='bbox 1776 2649 2140 2724; x_wconf 84' lang='lat' dir='ltr'><strong>injuriarum,</strong></span> 
     </span>
     <span class='ocr_line' id='line_1_28' title="bbox 157 2736 2135 2814; baseline 0.001 -21"><span class='ocrx_word' id='word_1_228' title='bbox 157 2736 308 2812; x_wconf 90' lang='lat' dir='ltr'><strong>quod</strong></span> <span class='ocrx_word' id='word_1_229' title='bbox 363 2756 434 2797; x_wconf 90' lang='lat' dir='ltr'><strong>eo</strong></span> <span class='ocrx_word' id='word_1_230' title='bbox 487 2738 682 2809; x_wconf 87' lang='lat' dir='ltr'><strong>invito,</strong></span> <span class='ocrx_word' id='word_1_231' title='bbox 737 2738 849 2795; x_wconf 90' lang='lat' dir='ltr'><strong>iter</strong></span> <span class='ocrx_word' id='word_1_232' title='bbox 895 2755 1000 2814; x_wconf 89' lang='lat' dir='ltr'><strong>per</strong></span> <span class='ocrx_word' id='word_1_233' title='bbox 1046 2737 1414 2797; x_wconf 80' lang='lat' dir='ltr'><strong>Provinciam</strong></span> <span class='ocrx_word' id='word_1_234' title='bbox 1468 2755 1573 2813; x_wconf 88' lang='lat' dir='ltr'><strong>per</strong></span> <span class='ocrx_word' id='word_1_235' title='bbox 1631 2736 1749 2795; x_wconf 86' lang='lat' dir='ltr'><strong>vim</strong></span> <span class='ocrx_word' id='word_1_236' title='bbox 1804 2746 2135 2808; x_wconf 81' lang='lat' dir='ltr'><strong>tentassent,</strong></span> 
     </span>
     <span class='ocr_line' id='line_1_29' title="bbox 157 2828 2140 2909; baseline 0.003 -23"><span class='ocrx_word' id='word_1_237' title='bbox 157 2828 310 2904; x_wconf 86' lang='lat' dir='ltr'><strong>quod</strong></span> <span class='ocrx_word' id='word_1_238' title='bbox 342 2829 600 2900; x_wconf 90' lang='lat' dir='ltr'><strong>Aeduos,</strong></span> <span class='ocrx_word' id='word_1_239' title='bbox 644 2831 796 2906; x_wconf 88' lang='lat' dir='ltr'><strong>quod</strong></span> <span class='ocrx_word' id='word_1_240' title='bbox 842 2830 1184 2901; x_wconf 83' lang='lat' dir='ltr'><strong>Ambarros,</strong></span> <span class='ocrx_word' id='word_1_241' title='bbox 1230 2830 1384 2906; x_wconf 91' lang='lat' dir='ltr'><strong>quod</strong></span> <span class='ocrx_word' id='word_1_242' title='bbox 1428 2831 1777 2909; x_wconf 86' lang='lat' dir='ltr'><strong>Allobrogas</strong></span> <span class='ocrx_word' id='word_1_243' title='bbox 1816 2843 2140 2903; x_wconf 77' lang='lat' dir='ltr'><strong>vexassent,</strong></span> 
     </span>
     <span class='ocr_line' id='line_1_30' title="bbox 159 2920 2141 2999; baseline 0.003 -22"><span class='ocrx_word' id='word_1_244' title='bbox 159 2920 496 2977; x_wconf 87' lang='lat' dir='ltr'><strong>memoriam</strong></span> <span class='ocrx_word' id='word_1_245' title='bbox 542 2921 826 2998; x_wconf 85' lang='lat' dir='ltr'><strong>deponere</strong></span> <span class='ocrx_word' id='word_1_246' title='bbox 871 2922 1105 2999; x_wconf 70' lang='lat' dir='ltr'><strong>posset?</strong></span> <span class='ocrx_word' id='word_1_247' title='bbox 1185 2921 1361 2988; x_wconf 84' lang='lat' dir='ltr'><strong>Quod</strong></span> <span class='ocrx_word' id='word_1_248' title='bbox 1402 2941 1515 2981; x_wconf 86' lang='lat' dir='ltr'><strong>sua</strong></span> <span class='ocrx_word' id='word_1_249' title='bbox 1554 2922 1795 2981; x_wconf 80' lang='lat' dir='ltr'><strong>victoria</strong></span> <span class='ocrx_word' id='word_1_250' title='bbox 1834 2933 1955 2982; x_wconf 88' lang='lat' dir='ltr'><strong>tam</strong></span> <span class='ocrx_word' id='word_1_251' title='bbox 1994 2925 2141 2983; x_wconf 86' lang='lat' dir='ltr'><strong>inso-</strong></span> 
     </span>
     <span class='ocr_line' id='line_1_31' title="bbox 158 3010 2245 3091; baseline 0.004 -24"><span class='ocrx_word' id='word_1_252' title='bbox 158 3010 344 3069; x_wconf 89' lang='lat' dir='ltr'><strong>lenter</strong></span> <span class='ocrx_word' id='word_1_253' title='bbox 368 3010 774 3087; x_wconf 84' lang='lat' dir='ltr'><strong>gloriarentur,</strong></span> <span class='ocrx_word' id='word_1_254' title='bbox 803 3012 1070 3089; x_wconf 89' lang='lat' dir='ltr'><strong>quodque</strong></span> <span class='ocrx_word' id='word_1_255' title='bbox 1097 3024 1216 3072; x_wconf 89' lang='lat' dir='ltr'><strong>tam</strong></span> <span class='ocrx_word' id='word_1_256' title='bbox 1243 3013 1344 3071; x_wconf 88' lang='lat' dir='ltr'><strong>diu</strong></span> <span class='ocrx_word' id='word_1_257' title='bbox 1372 3032 1437 3073; x_wconf 89' lang='lat' dir='ltr'><strong>se</strong></span> <span class='ocrx_word' id='word_1_258' title='bbox 1476 3014 1713 3091; x_wconf 87' lang='lat' dir='ltr'><strong>impune</strong></span> <span class='ocrx_word' id='word_1_259' title='bbox 1752 3016 1955 3075; x_wconf 86' lang='lat' dir='ltr'><strong>tulisse</strong></span> <span class='ocrx_word' id='word_1_260' title='bbox 1992 3016 2139 3091; x_wconf 88' lang='lat' dir='ltr'><strong>inju·</strong></span> <span class='ocrx_word' id='word_1_261' title='bbox 2168 3020 2245 3075; x_wconf 76' lang='lat'><strong>30</strong></span> 
     </span>
     <span class='ocr_line' id='line_1_32' title="bbox 159 3100 2142 3181; baseline 0.003 -24"><span class='ocrx_word' id='word_1_262' title='bbox 159 3101 276 3159; x_wconf 88' lang='lat' dir='ltr'><strong>rias</strong></span> <span class='ocrx_word' id='word_1_263' title='bbox 321 3100 762 3173; x_wconf 85' lang='lat' dir='ltr'><strong>admirarentur,</strong></span> <span class='ocrx_word' id='word_1_264' title='bbox 807 3102 1010 3161; x_wconf 88' lang='lat' dir='ltr'><strong>eodem</strong></span> <span class='ocrx_word' id='word_1_265' title='bbox 1048 3104 1368 3181; x_wconf 86' lang='lat' dir='ltr'><strong>pertinere:</strong></span> <span class='ocrx_word' id='word_1_266' title='bbox 1428 3123 1739 3163; x_wconf 80' lang='lat' dir='ltr'><strong>consuesse</strong></span> <span class='ocrx_word' id='word_1_267' title='bbox 1794 3106 1950 3163; x_wconf 87' lang='lat' dir='ltr'><strong>enim</strong></span> <span class='ocrx_word' id='word_1_268' title='bbox 2006 3106 2142 3163; x_wconf 86' lang='lat' dir='ltr'><strong>deos</strong></span> 
     </span>
     <span class='ocr_line' id='line_1_33' title="bbox 159 3189 2140 3270; baseline 0.003 -23"><span class='ocrx_word' id='word_1_269' title='bbox 159 3189 530 3261; x_wconf 86' lang='lat' dir='ltr'><strong>immortales,</strong></span> <span class='ocrx_word' id='word_1_270' title='bbox 577 3208 694 3267; x_wconf 93' lang='lat' dir='ltr'><strong>quo</strong></span> <span class='ocrx_word' id='word_1_271' title='bbox 738 3194 980 3270; x_wconf 85' lang='lat' dir='ltr'><strong>gravius</strong></span> <span class='ocrx_word' id='word_1_272' title='bbox 1025 3192 1286 3251; x_wconf 88' lang='lat' dir='ltr'><strong>homines</strong></span> <span class='ocrx_word' id='word_1_273' title='bbox 1327 3212 1401 3251; x_wconf 85' lang='lat' dir='ltr'><strong>ex</strong></span> <span class='ocrx_word' id='word_1_274' title='bbox 1450 3194 1895 3253; x_wconf 85' lang='lat' dir='ltr'><strong>commutatione</strong></span> <span class='ocrx_word' id='word_1_275' title='bbox 1944 3210 2140 3253; x_wconf 86' lang='lat' dir='ltr'><strong>rerum</strong></span> 
     </span>
     <span class='ocr_line' id='line_1_34' title="bbox 159 3280 2141 3358; baseline 0.003 -20"><span class='ocrx_word' id='word_1_276' title='bbox 159 3280 402 3351; x_wconf 89' lang='lat' dir='ltr'><strong>doleant,</strong></span> <span class='ocrx_word' id='word_1_277' title='bbox 433 3300 576 3357; x_wconf 88' lang='lat' dir='ltr'><strong>quos</strong></span> <span class='ocrx_word' id='word_1_278' title='bbox 603 3300 706 3358; x_wconf 90' lang='lat' dir='ltr'><strong>pro</strong></span> <span class='ocrx_word' id='word_1_279' title='bbox 732 3282 956 3341; x_wconf 85' lang='lat' dir='ltr'><strong>scelere</strong></span> <span class='ocrx_word' id='word_1_280' title='bbox 975 3302 1178 3341; x_wconf 89' lang='lat' dir='ltr'><strong>eorum</strong></span> <span class='ocrx_word' id='word_1_281' title='bbox 1201 3283 1409 3342; x_wconf 87' lang='lat' dir='ltr'><strong>ulcisci</strong></span> <span class='ocrx_word' id='word_1_282' title='bbox 1431 3285 1629 3355; x_wconf 85' lang='lat' dir='ltr'><strong>velint,</strong></span> <span class='ocrx_word' id='word_1_283' title='bbox 1654 3285 1743 3342; x_wconf 89' lang='lat' dir='ltr'><strong>his</strong></span> <span class='ocrx_word' id='word_1_284' title='bbox 1770 3285 2141 3344; x_wconf 86' lang='lat' dir='ltr'><strong>secundiores</strong></span> 
     </span>
     <span class='ocr_line' id='line_1_35' title="bbox 159 3368 2139 3449; baseline 0.004 -24"><span class='ocrx_word' id='word_1_285' title='bbox 159 3368 446 3429; x_wconf 86' lang='lat' dir='ltr'><strong>interdum</strong></span> <span class='ocrx_word' id='word_1_286' title='bbox 475 3388 568 3428; x_wconf 88' lang='lat' dir='ltr'><strong>res</strong></span> <span class='ocrx_word' id='word_1_287' title='bbox 595 3381 653 3430; x_wconf 87' lang='lat' dir='ltr'><strong>et</strong></span> <span class='ocrx_word' id='word_1_288' title='bbox 679 3371 1096 3431; x_wconf 86' lang='lat' dir='ltr'><strong>diuturniorem</strong></span> <span class='ocrx_word' id='word_1_289' title='bbox 1115 3373 1513 3449; x_wconf 84' lang='lat' dir='ltr'><strong>impunitatem</strong></span> <span class='ocrx_word' id='word_1_290' title='bbox 1536 3374 1873 3433; x_wconf 85' lang='lat' dir='ltr'><strong>concedere.</strong></span> <span class='ocrx_word' id='word_1_291' title='bbox 1936 3374 2139 3439; x_wconf 81' lang='lat' dir='ltr'><strong>Quum</strong></span> 
     </span>
     <span class='ocr_line' id='line_1_36' title="bbox 159 3462 2243 3539; baseline 0.003 -22"><span class='ocrx_word' id='word_1_292' title='bbox 159 3478 228 3519; x_wconf 87' lang='lat' dir='ltr'><strong>ea</strong></span> <span class='ocrx_word' id='word_1_293' title='bbox 253 3462 336 3519; x_wconf 86' lang='lat' dir='ltr'><strong>ita</strong></span> <span class='ocrx_word' id='word_1_294' title='bbox 363 3462 494 3532; x_wconf 86' lang='lat' dir='ltr'><strong>sint,</strong></span> <span class='ocrx_word' id='word_1_295' title='bbox 527 3472 740 3533; x_wconf 83' lang='lat' dir='ltr'><strong>tamen,</strong></span> <span class='ocrx_word' id='word_1_296' title='bbox 769 3464 820 3521; x_wconf 88' lang='lat' dir='ltr'><strong>si</strong></span> <span class='ocrx_word' id='word_1_297' title='bbox 847 3464 1072 3523; x_wconf 86' lang='lat' dir='ltr'><strong>obsides</strong></span> <span class='ocrx_word' id='word_1_298' title='bbox 1115 3464 1188 3521; x_wconf 83' lang='lat' dir='ltr'><strong>ab</strong></span> <span class='ocrx_word' id='word_1_299' title='bbox 1227 3465 1300 3523; x_wconf 89' lang='lat' dir='ltr'><strong>iis</strong></span> <span class='ocrx_word' id='word_1_300' title='bbox 1346 3466 1456 3522; x_wconf 89' lang='lat' dir='ltr'><strong>sibi</strong></span> <span class='ocrx_word' id='word_1_301' title='bbox 1498 3464 1726 3535; x_wconf 71' lang='lat' dir='ltr'><strong>dentur,</strong></span> <span class='ocrx_word' id='word_1_302' title='bbox 1758 3466 1839 3522; x_wconf 91' lang='lat' dir='ltr'><strong>uti</strong></span> <span class='ocrx_word' id='word_1_303' title='bbox 1868 3484 1957 3535; x_wconf 84' lang='lat' dir='ltr'><strong>ea,</strong></span> <span class='ocrx_word' id='word_1_304' title='bbox 1988 3484 2137 3539; x_wconf 83' lang='lat' dir='ltr'><strong>quae</strong></span> <span class='ocrx_word' id='word_1_305' title='bbox 2166 3468 2243 3523; x_wconf 77' lang='lat'><strong>35</strong></span> 
     </span>
     <span class='ocr_line' id='line_1_37' title="bbox 160 3553 2140 3634; baseline 0.003 -23"><span class='ocrx_word' id='word_1_306' title='bbox 160 3553 554 3629; x_wconf 86' lang='lat' dir='ltr'><strong>polliceantur,</strong></span> <span class='ocrx_word' id='word_1_307' title='bbox 587 3554 842 3615; x_wconf 80' lang='lat' dir='ltr'><strong>facturos</strong></span> <span class='ocrx_word' id='word_1_308' title='bbox 869 3556 1192 3633; x_wconf 84' lang='lat' dir='ltr'><strong>intelligat3</strong></span> <span class='ocrx_word' id='word_1_309' title='bbox 1237 3567 1294 3615; x_wconf 90' lang='lat' dir='ltr'><strong>et</strong></span> <span class='ocrx_word' id='word_1_310' title='bbox 1305 3558 1356 3614; x_wconf 86' lang='lat' dir='ltr'><strong>si</strong></span> <span class='ocrx_word' id='word_1_311' title='bbox 1375 3557 1612 3616; x_wconf 79' lang='lat' dir='ltr'><strong>Aeduis</strong></span> <span class='ocrx_word' id='word_1_312' title='bbox 1628 3557 1700 3615; x_wconf 92' lang='lat' dir='ltr'><strong>de</strong></span> <span class='ocrx_word' id='word_1_313' title='bbox 1728 3557 1974 3633; x_wconf 89' lang='lat' dir='ltr'><strong>injuriis,</strong></span> <span class='ocrx_word' id='word_1_314' title='bbox 1993 3576 2140 3634; x_wconf 86' lang='lat' dir='ltr'><strong>quas</strong></span> 
     </span>
     <span class='ocr_line' id='line_1_38' title="bbox 161 3646 2135 3727; baseline 0.003 -24"><span class='ocrx_word' id='word_1_315' title='bbox 161 3646 295 3723; x_wconf 88' lang='lat' dir='ltr'><strong>ipsis</strong></span> <span class='ocrx_word' id='word_1_316' title='bbox 321 3648 610 3725; x_wconf 84' lang='lat' dir='ltr'><strong>sociisque</strong></span> <span class='ocrx_word' id='word_1_317' title='bbox 627 3667 839 3717; x_wconf 62' lang='lat' dir='ltr'><strong>‚eorum</strong></span> <span class='ocrx_word' id='word_1_318' title='bbox 881 3650 1216 3723; x_wconf 84' lang='lat' dir='ltr'><strong>intulerint3</strong></span> <span class='ocrx_word' id='word_1_319' title='bbox 1262 3650 1401 3708; x_wconf 88' lang='lat' dir='ltr'><strong>item</strong></span> <span class='ocrx_word' id='word_1_320' title='bbox 1444 3650 1493 3708; x_wconf 90' lang='lat' dir='ltr'><strong>si</strong></span> <span class='ocrx_word' id='word_1_321' title='bbox 1521 3650 1935 3727; x_wconf 86' lang='lat' dir='ltr'><strong>Allobrogibus</strong></span> <span class='ocrx_word' id='word_1_322' title='bbox 1975 3652 2135 3708; x_wconf 85' lang='lat' dir='ltr'><strong>satis-</strong></span> 
     </span>
     <span class='ocr_line' id='line_1_39' title="bbox 163 3734 2135 3819; baseline 0.003 -28"><span class='ocrx_word' id='word_1_323' title='bbox 163 3734 388 3808; x_wconf 85' lang='lat' dir='ltr'><strong>faciant,</strong></span> <span class='ocrx_word' id='word_1_324' title='bbox 418 3756 546 3799; x_wconf 83' lang='lat' dir='ltr'><strong>sese</strong></span> <span class='ocrx_word' id='word_1_325' title='bbox 573 3758 712 3797; x_wconf 89' lang='lat' dir='ltr'><strong>cum</strong></span> <span class='ocrx_word' id='word_1_326' title='bbox 739 3739 812 3797; x_wconf 89' lang='lat' dir='ltr'><strong>iis</strong></span> <span class='ocrx_word' id='word_1_327' title='bbox 839 3758 1044 3815; x_wconf 81' lang='lat' dir='ltr'><strong>pacem</strong></span> <span class='ocrx_word' id='word_1_328' title='bbox 1065 3759 1192 3797; x_wconf 83' lang='lat' dir='ltr'><strong>esse</strong></span> <span class='ocrx_word' id='word_1_329' title='bbox 1216 3738 1529 3806; x_wconf 81' lang='lat' dir='ltr'><strong>facturum.</strong></span> <span class='ocrx_word' id='word_1_330' title='bbox 1590 3740 1797 3799; x_wconf 82' lang='lat' dir='ltr'><strong>Divico</strong></span> <span class='ocrx_word' id='word_1_331' title='bbox 1819 3740 2135 3819; x_wconf 89' lang='lat' dir='ltr'><strong>respondit:</strong></span> 
     </span>
    </p>

    <p class='ocr_par' dir='ltr' id='par_1_4' title="bbox 161 3824 2134 3904">
     <span class='ocr_line' id='line_1_40' title="bbox 161 3824 2134 3904; baseline 0.002 -21"><span class='ocrx_word' id='word_1_332' title='bbox 161 3824 244 3884; x_wconf 89' lang='lat' dir='ltr'><strong>Ita</strong></span> <span class='ocrx_word' id='word_1_333' title='bbox 272 3826 568 3887; x_wconf 82' lang='lat' dir='ltr'><strong>Helvetios</strong></span> <span class='ocrx_word' id='word_1_334' title='bbox 598 3848 634 3887; x_wconf 83' lang='lat' dir='ltr'><strong>a</strong></span> <span class='ocrx_word' id='word_1_335' title='bbox 661 3828 975 3904; x_wconf 88' lang='lat' dir='ltr'><strong>majoribus</strong></span> <span class='ocrx_word' id='word_1_336' title='bbox 1003 3830 1126 3886; x_wconf 86' lang='lat' dir='ltr'><strong>suis</strong></span> <span class='ocrx_word' id='word_1_337' title='bbox 1152 3830 1437 3888; x_wconf 87' lang='lat' dir='ltr'><strong>institutos</strong></span> <span class='ocrx_word' id='word_1_338' title='bbox 1476 3848 1619 3899; x_wconf 90' lang='lat' dir='ltr'><strong>esse,</strong></span> <span class='ocrx_word' id='word_1_339' title='bbox 1652 3831 1733 3887; x_wconf 86' lang='lat' dir='ltr'><strong>uti</strong></span> <span class='ocrx_word' id='word_1_340' title='bbox 1775 3829 2001 3889; x_wconf 86' lang='lat' dir='ltr'><strong>obsides</strong></span> <span class='ocrx_word' id='word_1_341' title='bbox 2042 3848 2134 3887; x_wconf 83' lang='lat' dir='ltr'><strong>ac-</strong></span> 
     </span>
    </p>
   </div>
  </div>
 </body>
</html>
