2709 4300
218 331 332 382 cu.
351 337 425 386 aa,
440 332 534 385 aa]
990 331 1181 380 usna
1226 335 1528 388 numi-us
2217 325 2304 384 95

214 469 511 527 interdicit
552 477 723 544 atque
762 469 1003 545 imperat
1039 470 1498 543 Cassivellaun0‚
1527 491 1602 530 ne
1632 471 2054 582 Mandubratio,
2083 491 2200 530 neu

216 558 673 615 Trinobantibus
701 558 921 617 bellum
952 558 1146 617 saciat.

299 646 519 705 XXIII.
577 646 889 706 Obsidibus
937 650 1207 724 acceptiS,
1254 651 1575 708 exercitum
1624 650 1849 709 reducit
1897 651 1970 708 ad
2017 669 2197 722 mare,

212 755 402 794 naves
419 737 637 793 invenit
654 737 919 795 refectas.
978 737 1089 795 His
1110 737 1389 809 deductis,
1410 739 1562 816 qnod
1583 749 1640 798 et
1657 740 2014 818 captivorum
2039 759 2196 818 mag-

210 844 359 883 num
400 843 709 884 numerum
747 826 1008 896 habebat,
1038 835 1096 884 et
1124 827 1436 886 nonnullae
1465 839 1802 909 tempestate
1829 829 2198 906 deperierant
2223 829 2262 883 5

210 933 415 984 naves,
438 915 661 972 duobus
681 916 1095 974 commeatibus
1114 918 1436 974 exercitum
1459 927 1746 994 reportare
1767 919 2028 978 instituit.
2102 918 2198 975 Ac

208 1005 301 1062 sic
330 1003 557 1074 accidit,
582 1006 666 1061 uti
686 1024 761 1062 ex
784 1013 941 1062 tanto
958 1005 1197 1063 navium
1218 1025 1478 1076 numero,
1496 1015 1578 1065 tot
1595 1007 2074 1084 navigationibus,
2097 1025 2195 1064 ne-

208 1113 329 1170 que
354 1095 479 1164 hoc,
502 1112 689 1169 neque
712 1095 1005 1170 superiore
1027 1113 1192 1165 anne,
1218 1096 1340 1152 ulla
1359 1096 1590 1154 omnino
1609 1098 1792 1166 naviS,
1815 1115 1966 1171 quae
1987 1095 2198 1153 milites

210 1192 485 1259 portaret,
516 1182 979 1240 desideraretur:
1024 1193 1083 1240 at
1113 1201 1185 1240 ex
1220 1185 1308 1255 iis,
1338 1203 1492 1260 quae
1524 1186 1728 1243 inanes
1769 1203 1842 1242 ex
1884 1185 2196 1243 continenti

210 1272 287 1328 ad
317 1290 453 1328 eum
482 1273 925 1342 remitterentur,
956 1273 1165 1348 prioris
1197 1283 1552 1332 commeatus
1589 1275 1860 1350 expositis
1897 1273 2192 1345 militibus,
2225 1273 2300 1329 10

206 1370 265 1418 et
304 1379 452 1436 quas
504 1371 697 1438 postea
750 1358 1047 1418 Labienus
1100 1360 1397 1420 faciendas
1447 1371 1759 1420 curaverat
1809 1381 2050 1420 numero
2099 1381 2192 1433 Lx,

208 1467 541 1527 perpaucae
570 1450 763 1507 locum
790 1459 1096 1525 caperent3
1144 1451 1404 1526 reliquae
1428 1449 1549 1508 fere
1571 1469 1768 1508 omnes
1791 1452 2191 1526 rejicerentur.

210 1538 383 1604 Quas
425 1557 606 1614 quum
646 1537 983 1614 aliquandiu
1010 1538 1231 1596 Caesar
1271 1537 1486 1595 frustra
1513 1546 1921 1614 exspectasset,
1953 1557 2026 1595 ne
2057 1540 2193 1595 anni

110 1697 117 1702 Δ
209 1637 467 1704 tempore
522 1647 559 1684 a
610 1628 975 1704 navigatione
1046 1626 1479 1697 excluderetur,
1541 1627 1695 1702 quod
1763 1627 2194 1703 aequinoctium

210 1718 467 1786 suberat,
494 1717 823 1774 necessario
868 1716 1173 1793 angustius
1220 1715 1434 1773 milites
1480 1716 1804 1786 collocavit,
1850 1735 1920 1774 ac
1965 1735 2194 1774 summa
2223 1715 2298 1771 15

210 1806 627 1883 tranquillitate
654 1815 983 1876 consecuta,
1012 1805 1271 1862 secunda
1298 1806 1442 1863 inita
1469 1823 1650 1881 quum
1679 1805 1941 1863 solvisset
1969 1806 2190 1882 vigilia,

208 1897 399 1973 prima
416 1896 551 1952 luce
569 1905 783 1953 terram
803 1895 1004 1971 attigit,
1023 1913 1337 1970 omnesque
1354 1895 1678 1952 incolumes
1697 1914 1878 1952 naves
1901 1895 2186 1971 perduxit.

295 1983 517 2042 XXIV.
559 1983 873 2041 Subductis
912 1984 1178 2053 navibus,
1222 1982 1586 2060 concilioque
1639 1983 1946 2042 Gallorum
1988 1984 2189 2043 Sama·

209 2073 477 2132 robrivae
519 2082 769 2152 peracte,
799 2072 949 2148 quod
978 2091 1047 2131 eo
1076 2090 1227 2130 anno
1256 2071 1616 2131 frumentum
1644 2074 1705 2130 in
1735 2073 1932 2142 Gallia
1959 2082 2192 2151 propter

208 2164 501 2221 siccitates
542 2164 845 2239 angustius
880 2172 1238 2239 provenerat,
1268 2172 1511 2221 coactus
1539 2174 1625 2222 est
1654 2163 1838 2234 aliter,
1869 2183 1940 2221 ac
1967 2164 2188 2241 superi·
2213 2164 2296 2219 20

207 2254 408 2311 oribus
450 2254 632 2322 annis,
662 2253 983 2309 exercitum
1024 2252 1083 2308 in
1112 2251 1368 2309 hibernis
1393 2252 1699 2321 collocare,
1729 2252 2100 2328 legionesque
2127 2255 2190 2310 in

208 2342 412 2420 plures
466 2342 729 2399 civitates
774 2340 1119 2398 distribuere
1142 2360 1157 2399 ε
1220 2359 1291 2399 ex
1342 2341 1554 2417 quibus
1599 2359 1778 2397 unam
1826 2342 1886 2397 in
1935 2340 2190 2398 Morinos

208 2429 535 2488 ducendam
576 2429 642 2488 C.
688 2430 869 2487 Fabio
908 2429 1102 2506 legato
1138 2428 1333 2486 dedit·
1316 2473 1334 2501 ‚
1405 2429 1650 2487 alteram
1691 2428 1752 2484 in
1794 2428 2065 2497 NerviOS,
2107 2428 2186 2493 Q.

208 2520 516 2591 Ciceroni3
560 2520 788 2577 tertiam
826 2519 888 2575 in
927 2518 1165 2588 Essuos,
1195 2516 1271 2575 L.
1306 2518 1554 2590 Roscio;
1600 2526 1870 2593 quartam
1897 2517 1958 2573 in
1989 2516 2192 2575 Remis

209 2628 351 2666 cum
381 2607 456 2665 Τ.
482 2608 785 2665 Labieno'
768 2626 829 2665 m
867 2608 1115 2665 confinio
1142 2606 1524 2665 Trevirorum
1552 2607 1810 2663 hiemare
1833 2606 2042 2681 jussit3
2073 2616 2190 2663 tres
2215 2612 2294 2667 25

208 2699 271 2756 in
299 2696 505 2773 Belgio
532 2696 867 2754 collocavit:
910 2697 1001 2753 his
1029 2695 1111 2752 M.
1143 2695 1442 2764 Crassum,
1471 2704 1852 2771 quaestorem,
1875 2704 1932 2752 et
1960 2694 2034 2753 L.
2061 2695 2188 2752 Mu-

207 2788 435 2844 natium
464 2786 763 2855 Plancum,
794 2794 851 2843 et
877 2784 945 2843 C.
978 2784 1334 2842 Trebonium
1365 2782 1582 2860 legatos
1611 2782 1910 2859 praefecit.
1977 2784 2190 2864 ,Unam

208 2876 517 2952 legionem,
549 2893 723 2950 quam
766 2874 1021 2949 proxime
1062 2884 1225 2930 trans
1275 2872 1498 2929 Padum
1539 2874 1984 2948 conscripserat,
2011 2882 2070 2930 et
2097 2892 2189 2930 co-

209 2964 403 3022 hortes
428 2962 684 3039 quinque
712 2964 773 3019 in
802 2963 1124 3031 EburoneS,
1157 2980 1406 3065 quorum
1447 2979 1580 3037 pars
1621 2963 1876 3019 maxima
1917 2972 2004 3019 est
2040 2963 2190 3021 inter

208 3052 438 3110 Mosam
468 3070 537 3109 ac
565 3050 854 3120 Rhenum,
884 3052 984 3127 qui
1018 3052 1127 3107 sub
1168 3051 1408 3127 imperio
1438 3050 1796 3128 Ambiorigis
1825 3062 1882 3109 et
1907 3051 2190 3109 Cativolci
2218 3060 2294 3116 30

208 3150 396 3211 erant,
426 3142 599 3198 misit.
684 3141 796 3198 His
824 3139 1101 3197 militibus
1127 3140 1206 3205 Q.
1237 3140 1530 3199 Titurium
1561 3140 1844 3199 Sabinum
1871 3150 1928 3198 et
1956 3114 2038 3199 L.
2064 3141 2190 3198 Au-

210 3230 583 3288 runculeium
600 3228 848 3299 Cottam,
869 3229 1105 3307 legatos,
1130 3247 1394 3305 praeesse
1410 3230 1602 3304 jussit.
1663 3230 1760 3287 Ad
1783 3230 1939 3287 hunc
1955 3230 2192 3287 modum

210 3319 531 3378 distributis
584 3318 927 3395 legionibuS,
982 3318 1259 3376 facillime
1316 3319 1541 3394 inopiae
1597 3317 2014 3377 frumentariae
2063 3338 2190 3377 sese

210 3409 432 3467 mederi
456 3426 619 3484 posse
642 3408 1027 3479 existimavit3
1068 3416 1242 3483 atque
1270 3408 1479 3465 harum
1507 3418 1702 3465 tamen
1729 3409 1985 3465 omnium
2013 3408 2189 3485 legio-

208 3516 355 3556 num
384 3498 626 3554 hiberna
652 3496 907 3573 (praeter
934 3516 1083 3566 eam,
1124 3516 1299 3573 quam
1328 3496 1401 3553 L.
1433 3496 1644 3554 Roscio
1672 3497 1732 3554 in
1761 3498 2189 3571 pacatissimam
2217 3504 2294 3560 35

210 3596 271 3645 et
297 3586 715 3662 quietissimam
742 3594 963 3662 partem
989 3584 1313 3643 ducendam
1340 3583 1602 3659 dederat)
1631 3585 1888 3642 millibus
1915 3603 2191 3662 passuum

210 3685 449 3734 centum
492 3676 955 3733 continebantur.
1040 3673 1169 3751 Ipse
1214 3675 1456 3742 interea,
1485 3674 1675 3748 quoad
1719 3674 1976 3751 legiones
2017 3673 2188 3733 collo-

210 3774 421 3835 casset,
488 3765 827 3841 munitaque
880 3763 1124 3823 hiberna
1176 3762 1557 3841 cognovisset,
1609 3763 1670 3821 in
1727 3762 1924 3821 Gallia
1977 3764 2190 3822 morari

210 3854 525 3914 constituit.
