2709 4300
400 279 523 341 184
1106 293 1193 342 na
1228 291 1440 345 mm
1475 293 1762 344 aarum
2157 259 2170 266 ’
2207 293 2344 358 [cn.
2363 297 2496 342 o-n.

463 437 472 446 ”
500 445 633 488 rum
660 429 761 489 ille
790 430 1059 506 precibus
1100 443 1410 507 permotus,
1437 441 1632 490 eastra
1671 449 1746 491 ex
1785 430 2150 508 Biturigibus
2191 441 2386 492 movet
2423 432 2498 492 in

502 519 803 578 Arvernos
830 539 1053 582 versus.
2175 580 2182 586 .

577 607 685 666 IX.
730 609 815 666 At
840 608 1076 681 Caesar,
1108 609 1349 671 biduum
1377 611 1437 667 in
1473 610 1546 668 iis
1573 610 1718 668 locis
1745 619 2018 679 moratae,
2047 610 2198 685 quod
2238 611 2388 671 haec
2415 609 2498 668 de

500 696 979 776 Vercingetorige
1023 717 1135 757 usu
1178 710 1425 757 ventura
1467 699 1732 776 opinione
1776 709 2172 774 praeceperat,
2203 718 2306 776 per
2347 719 2496 758 cau-

432 788 475 846 5
498 805 623 844 sam
646 787 1037 864 supplementi
1062 789 1472 864 equitatusque
1513 787 1756 865 cogendi
1785 787 1860 846 ab
1899 789 2162 849 exercitu
2203 788 2445 846 discedit
2469 809 2492 862 ;

500 875 749 934 Brutum
776 876 1199 936 adolescentem
1226 878 1297 934 iis
1336 877 1520 956 copiis
1547 865 1849 953 praefieit3
1894 877 2052 936 hunc
2093 887 2302 947 monet,
2334 888 2399 938 ut
2423 879 2498 934 in

498 983 699 1024 omnes
726 975 917 1042 partes
944 966 1167 1040 equites
1204 985 1382 1042 quam
1427 967 1704 1024 latissime
1747 975 2170 1044 pervagentur:
2213 967 2498 1026 daturum

498 1073 563 1112 se
588 1073 843 1130 operam,
866 1071 939 1112 ne
970 1055 1199 1131 longius
1218 1055 1412 1113 triduo
1437 1055 1510 1112 ab
1537 1056 1746 1112 castris
1774 1055 1942 1114 absit.
2023 1055 2138 1114 His
2165 1057 2498 1116 constitutis

500 1144 693 1214 rebus,
740 1145 863 1202 suis
908 1144 1353 1220 inopinantibus,
1395 1163 1572 1220 quam
1619 1145 1890 1202 maximis
1935 1154 2118 1222 potest
2163 1145 2494 1216 itineribus,

400 1237 473 1294 10
501 1232 793 1292 Viennam
835 1234 1118 1309 pervenit.
1200 1233 1289 1292 Ibi
1334 1241 1544 1292 nactus
1587 1244 1882 1292 recentem
1925 1235 2266 1309 equitatum,
2311 1253 2496 1310 quem

498 1323 697 1383 multis
726 1331 861 1380 ante
886 1322 1091 1384 diebus
1118 1342 1187 1380 eo
1226 1323 1624 1398 praemiserat,
1658 1341 1846 1398 neque
1888 1322 2096 1381 diurno
2123 1342 2312 1399 neque
2353 1342 2494 1383 noc·

498 1422 669 1470 turno
716 1412 919 1470 itinere
966 1411 1306 1481 intermisso,
1356 1430 1460 1488 per
1507 1411 1656 1470 fines
1697 1411 2042 1472 Aeduorum
2089 1413 2152 1468 in
2193 1411 2496 1490 Lingones

500 1501 809 1570 contendit,
852 1502 951 1557 ubi
996 1519 1041 1558 11
1087 1501 1345 1576 legiones
1389 1500 1758 1572 hiemabant3
1805 1510 1885 1570 ut,
1929 1501 1981 1558 si
2021 1499 2162 1576 quid
2203 1501 2378 1558 etiam
2417 1499 2495 1560 de

498 1609 609 1652 sua
635 1590 823 1648 salute
852 1590 925 1648 ab
947 1590 1173 1648 Aeduis
1200 1590 1444 1646 iniretur
1469 1590 1715 1659 consilii,
1733 1589 2032 1648 celeritate
2060 1599 2490 1666 praecurreret.

400 1685 475 1742 15
502 1679 593 1738 Eo
618 1697 799 1756 quum
828 1681 1199 1756 pervenisset,
1230 1679 1303 1736 ad
1332 1679 1588 1755 reliquas
1621 1678 1878 1755 legiones
1907 1679 2093 1748 mittit,
2124 1680 2402 1756 priusque
2429 1680 2494 1737 in

502 1787 686 1826 unum
731 1768 925 1828 locum
972 1787 1171 1826 omnes
1214 1769 1388 1844 cogit,
1415 1785 1594 1843 quam
1637 1768 1710 1826 de
1749 1769 1876 1843 ejus
1921 1767 2174 1826 adventu
2203 1769 2494 1828 Arvernis

500 1858 769 1916 nunciati
811 1867 1017 1933 posset.
1100 1855 1235 1915 Hac
1284 1875 1347 1913 re
1391 1858 1642 1934 cognita,
1685 1857 2134 1934 Vercingetorix
2183 1875 2388 1915 rursus
2427 1858 2492 1914 in

500 1945 797 2023 Bituriges
822 1946 1143 2002 exercitum
1174 1945 1438 2018 reducit3
1485 1956 1660 2022 atque
1701 1946 1834 2004 inde
1876 1944 2166 2023 profectus
2209 1945 2490 2022 Gergovi-

500 2053 616 2104 am,
644 2035 919 2092 Boiorum
948 2035 1235 2111 oppidum,
1266 2055 1412 2111 quos
1439 2036 1518 2093 ibi
1547 2035 1856 2094 Helvetico
1883 2034 2097 2111 proelio
2135 2036 2316 2093 victos
2341 2035 2486 2093 Cae·

394 2132 477 2190 βο
500 2141 599 2182 sar
626 2123 1032 2195 collocaverat,
1063 2123 1404 2201 Aeduisque
1433 2125 1790 2195 attribuerat,
1819 2143 2154 2201 oppugnare
2181 2125 2448 2183 instituit.

583 2212 658 2273 X.
706 2212 982 2291 Magnam
1030 2214 1175 2271 haec
1220 2232 1313 2272 res
1352 2214 1594 2273 Caesari
1633 2214 2032 2275 difficultatem
2074 2213 2144 2271 ad
2184 2214 2490 2273 consilium

501 2302 847 2380 capiendum
874 2303 1183 2361 afferebat:
1226 2304 1277 2362 si
1304 2304 1594 2381 reliquam
1635 2313 1856 2380 partem
1885 2300 2092 2361 hiemis
2120 2321 2235 2361 uno
2275 2303 2336 2361 in
2364 2303 2490 2363 loco

500 2392 759 2471 legiones
802 2394 1139 2462 contineret,
1170 2412 1263 2463 ne,
1306 2393 1694 2469 stipendiariis
1737 2392 2080 2451 Aeduorum
2125 2394 2488 2470 expugnatiS,

500 2493 715 2544 cuncta
736 2482 935 2540 Gallia
961 2483 1251 2553 deficeret,
1282 2482 1435 2559 quod
1463 2482 1693 2541 nullum
1721 2482 1928 2539 amicis
1953 2484 2015 2539 in
2043 2501 2112 2539 eo
2137 2482 2490 2559 praesidium

396 2578 475 2636 25
502 2571 719 2629 videret
746 2573 991 2647 positum
1018 2592 1181 2645 esse;
1228 2573 1318 2629 sin
1356 2572 1642 2629 maturius
1682 2590 1756 2629 ex
1797 2571 2054 2629 hibernis
2093 2571 2388 2641 educeret,
2417 2591 2490 2629 ne

500 2661 573 2717 ab
604 2680 667 2719 re
694 2660 1075 2719 frumentaria
1101 2661 1262 2719 duris
1290 2661 1760 2719 subvectionibus
1796 2660 2103 2718 laboraret.
2139 2710 2144 2719 .
2187 2659 2490 2719 Praestare

500 2750 689 2808 visum
716 2760 805 2809 est
830 2761 1027 2809 tamen
1054 2770 1251 2809 omnes
1278 2749 1648 2809 difficultates
1675 2750 1912 2827 perpeti,
1943 2768 2139 2825 quam,
2169 2758 2330 2809 tanta
2357 2769 2488 2809 con-

500 2840 743 2899 tumelia
770 2850 1031 2916 accepta,
1048 2841 1307 2898 omnium
1326 2858 1567 2898 suorum
1586 2839 1908 2897 voluntates
1929 2839 2206 2897 alienare.
2288 2836 2490 2916 Itaque

498 2931 831 2989 cohortatus
858 2929 1097 2987 Aeduos
1136 2929 1209 2987 de
1249 2928 1633 3006 supportando
1679 2937 2024 2999 commeatu,
2067 2928 2378 3005 praemittit
2419 2930 2489 2987 ad

396 3028 475 3087 80
499 3018 689 3089 Boios,
718 3018 919 3094 quide
960 3036 1066 3075 suo
1107 3017 1360 3075 adventu
1397 3018 1660 3089 doceant,
1689 3018 2123 3093 hortenturque,
2169 3027 2234 3075 ut
2275 3018 2335 3074 in
2377 3018 2489 3077 fide

500 3117 789 3177 maneant,
818 3103 1005 3183 atque'
1040 3107 1289 3165 hostium
1332 3108 1612 3183 impetum
1657 3125 1867 3185 magno
1910 3108 2103 3164 animo
2145 3108 2484 3165 sustineant.

498 3197 746 3257 Duabus
774 3196 1066 3275 Agendici
1094 3195 1420 3273 legionibus
1447 3206 1620 3271 atque
1662 3196 2082 3273 impedimentis
2109 3197 2283 3255 totius
2324 3216 2486 3255 exer-

496 3288 651 3346 citus
680 3287 915 3358 relictis»,
946 3285 1018 3343 ad
1048 3285 1221 3344 Boios
1248 3286 1650 3362 proficiscitur.

581 3376 685 3436 XI.
732 3376 939 3435 Altero
980 3376 1073 3433 die
1116 3394 1299 3452 quum
1342 3374 1416 3432 ad
1455 3374 1726 3451 oppidum
1767 3374 2062 3433 Senonum
2091 3372 2484 3431 Vellaunodu-

394 3474 475 3531 85
498 3484 642 3523 num
670 3467 937 3535 venisset,
968 3484 1042 3523 ne
1068 3484 1245 3540 quem
1274 3474 1398 3541 post
1425 3483 1488 3521 se
1515 3464 1736 3522 hostem
1765 3464 2136 3539 relinqueret,
2173 3482 2290 3541 quo
2317 3482 2484 3541 expe-

498 3556 701 3613 ditiore
752 3573 815 3613 re
866 3553 1247 3612 frumentaria
1296 3563 1574 3624 uteretur,
1624 3570 1958 3631 oppugnare
2007 3552 2269 3621 instituit,
2313 3551 2484 3627 idque

499 3645 675 3703 biduo
700 3642 1205 3703 circumvallavit:
1246 3644 1415 3705 tertio
1459 3640 1552 3701 die
1595 3642 1786 3699 missis
1824 3660 1898 3700 ex
1937 3641 2142 3719 oppido
2181 3640 2390 3719 legatis
2418 3640 2486 3699 de

498 3732 803 3803 deditione,
854 3750 1020 3791 arma
1058 3730 1632 3808 proferri‚‘jumenta
1671 3730 1932 3809 produci,
1973 3748 2045 3789 nc
2093 3730 2318 3789 obsides
2361 3730 2486 3789 dari

492 3819 679 3893 iubet.
762 3819 861 3879 Ea
882 3820 990 3896 qui
1010 3820 1343 3893 oonfieeret,
1372 3818 1442 3879 C.
1475 3820 1833 3881 Trebonium
1873 3820 2132 3901 legatum
2171 3818 2484 3898 relinquit:

2679 3892 2692 3958 l
