2709 4300
241 290 381 354 ‘cm
405 311 478 361 ³⁴,
497 305 592 358 aa]
1023 303 1220 352 ussa
1253 305 1604 354 emm-mus,
2284 303 2369 364 ω

347 441 634 502 XXXIV.
680 441 904 501 Eodem
941 451 1200 520 tempore
1229 462 1264 500 a
1305 444 1373 501 P.
1402 443 1632 516 Crasso,
1660 463 1837 520 quem
1862 464 2001 506 oum
2038 445 2265 526 legione

260 553 390 594 una
439 535 680 592 miserat
733 532 804 592 ad
863 532 1140 604 Venetos,
1197 532 1459 604 Unellos,
1516 534 1815 606 Osismios,
1864 536 2261 610 Curiosolims,

257 624 560 694 Sesuvios,
589 622 898 693 Aulercos,
930 621 1260 694 Rhedones‚
1277 641 1433 700 quae
1460 633 1595 682 sunt
1622 625 1947 684 maritimae
1974 627 2259 699 civitates,

258 733 668 790 oceanumque
693 713 1004 792 attingunt,
1033 713 1248 771 certior
1287 711 1479 772 factus
1504 723 1609 784 est,
1638 733 1840 774 omnes
1866 735 1969 774 eas
1996 717 2263 778 civitates

259 806 324 862 in
351 804 624 862 ditionem
655 811 1106 880 potestatemque
1135 802 1340 880 Populi
1368 803 1621 862 Romani
1640 823 1769 864 esse
1797 805 2081 866 redactas·
2284 814 2327 868 6

345 893 600 953 XXXV.
643 893 756 952 His
784 893 960 950 rebus
985 892 1182 969 gestie,
1211 893 1370 950 omni
1414 893 1611 952 Gallia
1639 905 1865 972 pacata,
1894 905 2057 954 tanta
2082 897 2263 974 hujus

259 983 403 1043 belli
447 983 522 1041 ad
570 982 847 1041 barbaros
893 982 1086 1058 opinio
1132 982 1354 1058 perlata
1394 993 1499 1053 est,
1542 985 1629 1042 uti
1671 985 1745 1042 ab
1785 985 1879 1043 his
1912 985 2260 1058 nationibus,

257 1093 414 1151 quae
463 1083 626 1132 trans
674 1073 949 1130 Rhenum
995 1071 1332 1143 incolerent,
1370 1074 1734 1134 mitterentur
1776 1074 1955 1152 legati
1998 1075 2071 1134 ad
2112 1075 2259 1134 Cae-

257 1182 474 1234 sarem,
515 1181 670 1239 quae
709 1181 776 1220 se
813 1161 1040 1220 obsides
1065 1161 1320 1234 daturas,
1364 1164 1649 1240 imperata
1697 1163 1975 1236 facturas,
2024 1164 2257 1242 pollice·

259 1265 500 1314 renturz
541 1273 690 1330 quas
715 1253 1034 1331 legationes
1059 1253 1296 1325 Caesar,
1315 1255 1469 1331 quod
1497 1256 1559 1313 in
1586 1255 1817 1314 Italiam
1833 1256 2259 1333 Illyricumque
2288 1255 2365 1312 10

258 1346 622 1424 properabat,
652 1345 796 1404 inita
837 1345 1098 1421 proxima
1127 1355 1363 1416 aestate,
1394 1345 1467 1404 ad
1506 1366 1573 1406 se
1601 1347 1815 1404 reverti
1850 1347 2043 1424 jussit.
2128 1347 2260 1424 Ipse

256 1438 321 1494 in
367 1435 674 1506 Carnutes,
706 1433 926 1504 Andes,
958 1434 1363 1512 Turnumque,
1404 1454 1557 1510 quae
1598 1436 1865 1496 civitates
1904 1437 2261 1513 propinquae

264 1527 360 1584 his
399 1525 548 1586 loeis
601 1534 769 1584 erant
809 1525 910 1583 ubi
951 1525 1172 1584 bellum
1211 1535 1493 1604 gesserat,
1535 1525 1859 1602 legionibus
1901 1526 1963 1584 in
2017 1528 2262 1586 hiberna

255 1616 544 1686 deductis,
585 1615 645 1672 in
686 1615 916 1674 Italiam
957 1613 1252 1692 profectus
1291 1623 1416 1688 est3
1460 1615 1533 1672 ob
1560 1633 1779 1692 easque
1820 1633 1933 1687 res,
1962 1633 2036 1675 ex
2076 1615 2261 1674 literis

256 1705 552 1776 Caesaris,
579 1704 706 1764 dies
730 1723 816 1764 xv
835 1703 1182 1784 supplicatio
1207 1703 1445 1764 decreta
1472 1713 1577 1778 est,
1598 1704 1751 1782 quod
1780 1714 1915 1766 ante
1942 1703 2005 1765 id
2028 1714 2259 1784 tempus
2288 1709 2361 1766 15

259 1795 478 1857 aooidit
501 1795 674 1856 nulli.
