2709 4300
162 307 307 352 cn.
330 305 517 358 ιτ-ιω-
1007 303 1203 352 um
1238 303 1498 356 smws.
2147 295 2292 376 ,ΠΕ

280 442 477 502 XVII.
538 441 733 500 Deum
780 441 1033 500 mxime
1089 441 1454 502 Mercurium
1507 442 1726 504 colunt.
1809 444 2008 522 Hujus
2051 453 2194 503 sunt·

168 534 453 610 plurima
482 534 833 596 simulacra:
877 533 1035 590 hunc
1062 534 1321 590 omnium
1349 534 1706 592 invento-rem
1735 536 1944 592 artium
1973 534 2186 604 ferunt,

172 625 359 680 huuc
392 624 623 680 viarum
664 631 843 698 etque
864 623 1139 680 itinerum
1166 621 1395 692 ducem,
1427 623 1584 682 hunc
1611 624 1682 681 ad
1711 635 1986 700 quaestus
2013 643 2185 701 pecu-

174 714 335 770 niae
364 721 842 786 mercaturasque
868 711 1085 770 habere
1105 711 1227 770 vim
1253 713 1570 770 maximam
1597 714 1968 774 arbitrantur.
2053 715 2189 775 Poet-

182 803 379 872 hune,
401 801 753 878 Apollinem,
774 797 833 859 'et
851 799 1117 870 Martem,
1138 811 1197 860 et
1216 800 1442 872 Jovem,
1464 811 1524 860 et
1551 803 1902 861 Minervam.
1985 803 2078 862 De
2095 804 2186 862 his
2212 807 2260 862 8

182 893 447 952 eandem
476 891 618 960 fere,
638 909 814 966 quem
843 891 1105 966 reliquae
1132 899 1350 968 gentes,
1373 891 1584 950 habent
1611 893 1962 970 opinionem:
2007 895 2186 970 Apol-

183 982 381 1038 linem
420 981 645 1048 morbos
672 979 1014 1057 depellere3·
1060 979 1386 1038 Minervam
1423 999 1664 1058 operum
1705 991 1878 1058 atque
1919 984 2186 1042 artificio-

187 1089 335 1128 rum
376 1071 541 1129 initia
586 1069 925 1142 transdere-3
970 1069 1004 1126 J
1006 1087 1171 1128 ovem
1212 1071 1521 1147 imperium
1563 1071 1902 1130 coelestium
1941 1082 2180 1145 tener-03

189 1159 453 1218 Martem
483 1159 637 1216 bella
676 1177 903 1235 regere.
986 1158 1165 1227 Huic,
1190 1177 1376 1236 quum
1417 1159 1634 1236 proelio
1659 1161 1938 1218 dimicare
1979 1165 2184 1220 consti-

186 1240 467 1320 tuerunt,
486 1257 575 1319 ea,
604 1267 757 1324 quae
788 1245 939 1306 bello
978 1249 1256 1324 ceperint,
1296 1247 1640 1325 plerumque
1667 1250 1949 1308 devovent
1971 1271 1990 1324 3
2033 1271 2186 1328 quae
2213 1257 2293 1312 10

186 1339 621 1416 superaverint,
644 1337 921 1396 animalia
942 1348 1111 1414 capta
1130 1337 1466 1397 immolent:
1509 1339 1766 1412 reliquas
1791 1357 1890 1396 res
1913 1341 1970 1396 in
2002 1355 2190 1398 unum

186 1429 398 1486 locum
446 1427 773 1486 conferunt.
858 1427 1061 1485 Multis
1108 1428 1169 1485 in
1218 1427 1550 1486 civitatibus
1597 1428 1804 1484 harum
1848 1447 2044 1486 rerum
2087 1449 2186 1487 ex-

188 1525 451 1576 structos
496 1516 749 1574 tumulos
797 1517 939 1574 locis
981 1517 1337 1576 consecratis
1383 1517 1708 1592 conspicari
1763 1517 1938 1574 licet:
1995 1535 2187 1594 neque

188 1627 375 1684 saepe
406 1607 635 1677 accidit,
666 1617 748 1676 ut,
778 1606 1048 1684 neglecta
1072 1607 1363 1683 quispiam
1391 1605 1686 1683 religione,
1711 1618 1812 1664 aut
1837 1617 2006 1683 capta
2031 1609 2186 1684 apud

190 1717 263 1756 se
290 1698 609 1767 occultare,
641 1707 741 1754 aut
778 1698 961 1773 posita
999 1696 1203 1754 tollere
1244 1695 1524 1754 auderet·
1507 1739 1524 1769 ,
1569 1697 2092 1774 gravissimumque
2131 1699 2187 1756 ei
2217 1699 2294 1754 15

193 1789 287 1846 rei
314 1787 666 1863 supplicium
696 1805 833 1844 cum
862 1787 1130 1844 cruciatu
1158 1787 1530 1844 constitutum
1560 1796 1666 1844 est.

282 1875 504 1934 XVIII.
553 1876 711 1934 Galli
739 1895 801 1933 se
822 1893 1021 1934 omnes
1042 1873 1115 1932 ab
1133 1873 1267 1934 Dite
1288 1885 1452 1952 patre
1481 1886 1786 1953 prognatos
1813 1845 2180 1953 preedicant·
2161 1921 2180 1951 ,

192 1966 375 2042 idque
406 1967 477 2022 eb
498 1965 817 2022 Druidibus
844 1964 1131 2041 proditum
1152 1963 1372 2024 dicunt.
1453 1964 1548 2022 Ob
1573 1983 1706 2023 eam
1733 1984 1974 2024 causam
2002 1969 2188 2044 spatia

192 2057 389 2114 omnis
430 2055 699 2131 temporis
740 2071 855 2112 non
896 2071 1139 2111 numero
1182 2053 1428 2122 dierum,
1473 2054 1574 2112 sed
1622 2057 1897 2126 noctium,
1939 2057 2182 2116 finiunt:

194 2146 326 2208 dies
354 2143 591 2214 natales,
619 2155 679 2202 et
706 2145 992 2203 mensium
1020 2153 1077 2201 et
1118 2159 1402 2202 annorum
1439 2145 1602 2203 initia
1639 2146 1727 2204 sic
1768 2147 2089 2219 observant,
2121 2158 2184 2207 ut
2209 2150 2296 2206 w

193 2244 430 2293 noctem
450 2232 573 2291 dies
602 2235 1007 2309 subsequatur.
1092 2232 1159 2291 In
1180 2233 1420 2311 reliquis
1438 2236 1588 2292 vitae
1615 2237 1906 2321 institutis,
1926 2238 2034 2295 hoc
2065 2237 2184 2296 fere

197 2325 275 2382 ab
305 2323 547 2399 reliquis
572 2322 861 2393 differunt,
880 2322 1030 2400 quod
1058 2342 1192 2379 suos
1218 2322 1444 2393 liberos,
1464 2324 1575 2382 nisi
1603 2343 1784 2400 quum
1811 2325 2186 2396 adoleverint,

197 2424 267 2471 ut
294 2432 509 2477 munus
550 2413 790 2469 militiae
834 2413 1119 2469 sustinere
1160 2413 1395 2488 possint,
1427 2412 1618 2489 palam
1660 2411 1735 2469 >ad
1764 2429 1826 2469 se
1870 2411 2032 2470 adire
2072 2432 2186 2471 non

164 2504 501 2580 ‚patiuntur
518 2522 535 2574 3
581 2502 881 2577 filiumque
925 2501 1133 2578 puerili
1172 2511 1357 2560 aetate
1403 2502 1462 2558 in
1507 2501 1756 2578 publico,
1785 2502 1846 2558 in
1875 2513 2185 2579 conspectu

197 2593 399 2669 patris,
430 2592 717 2659 assistere,
746 2589 1182 2667 tur-peducunt.
2209 2594 2290 2647 25

283 2680 448 2739 XIX.
510 2680 659 2749 Viri,
708 2690 955 2755 quantas
996 2682 1273 2756 pecunias
1322 2680 1396 2737 ab
1443 2680 1720 2737 uxoribus
1763 2680 1910 2739 dotis
1957 2683 2188 2741 nomine

198 2780 571 2847 aeceperunt,
622 2778 810 2827 tantas
856 2786 929 2827 ex
978 2771 1100 2826 suis
1148 2770 1327 2839 boniS,
1379 2769 1772 2826 aestimatione
1821 2768 1992 2840 facta,
2049 2790 2186 2829 cum

198 2860 429 2917 dotibus
484 2860 934 2917 communicant.
1021 2858 1217 2934 Hujus
1270 2858 1454 2915 omnis
1499 2859 1784 2933 pecuniae
1831 2860 2187 2936 conjunctim

198 2950 347 3007 ratio
374 2948 637 3017 habetur,
670 2948 1009 3023 fructusque
1038 2957 1378 3019 servantur:
1420 2958 1552 3005 uter
1577 2966 1776 3005 eorum
1807 2950 1924 3007 vita
1953 2968 2185 3027 supera-

198 3041 293 3109 rit,
308 3038 380 3095 ad
398 3057 535 3095 eum
552 3056 685 3113 pars
706 3038 1009 3113 utriusque
1026 3056 1161 3094 cum
1182 3036 1466 3094 fructibus
1487 3039 1846 3113 superiorum
1865 3048 2186 3116 temporum
2214 3038 2290 3093 30

196 3128 483 3206 pervenit.
567 3126 700 3185 Viri
754 3129 813 3184 in
872 3145 1098 3195 uxoreS,
1148 3128 1301 3183 sicut
1340 3128 1400 3184 in
1449 3128 1676 3198 liberos,
1711 3130 1872 3185 vitae
1914 3130 2187 3205 necisque

197 3218 414 3276 hebent
458 3226 833 3293 potestatem:
876 3226 933 3273 et
974 3234 1157 3291 quum
1204 3226 1366 3292 pater
1410 3216 1681 3287 familiae,
1721 3218 2020 3275 illustriori
2062 3218 2188 3276 loco

154 3364 161 3369 ,
196 3317 390 3377 natus,
420 3306 683 3376 decessit,
714 3307 843 3382 ejus
872 3306 1173 3382 propinqui
1202 3306 1572 3375 conveniunt,
1603 3316 1678 3376 et,
1709 3306 1780 3363 de
1809 3317 1988 3364 morte
2015 3308 2064 3364 si
2096 3326 2188 3365 res

196 3398 260 3455 in
298 3397 685 3472 suspicionem
714 3396 887 3465 venit,
916 3394 987 3453 de
1016 3394 1293 3452 uxoribus
1321 3396 1382 3452 in
1423 3396 1694 3453 servilem
1721 3395 1954 3453 modum
1983 3416 2186 3471 quaes-

110 3518 129 3537 ·
195 3488 414 3545 tionem
463 3486 711 3558 habent3
759 3494 833 3555 et,
878 3486 927 3541 si
976 3494 1335 3561 compertum
1384 3495 1489 3555 est,
1533 3486 1654 3562 igni
1703 3494 1876 3564 atque
1923 3486 2189 3543 omnibus
2215 3486 2291 3541 35

196 3576 497 3633 tormentis
544 3576 911 3633 excruciatas
960 3574 1333 3631 interficiunt.
1417 3574 1654 3631 Funera
1701 3582 1836 3631 sunt
1883 3592 1986 3651 pro
2023 3575 2188 3633 cultu

198 3664 512 3723 Gallorum
562 3664 875 3741 magnifica
922 3672 979 3721 et
1024 3672 1399 3739 sumptuosa3
1463 3664 1790 3739 omniaque,
1839 3681 1992 3739 quae
2041 3664 2189 3721 vivis

200 3755 359 3813 cordi
390 3746 571 3811 fuisse
601 3754 971 3823 arbitrantur,
1002 3753 1061 3811 in
1104 3754 1300 3830 ignem
1334 3752 1608 3823 inferunt,
1652 3753 1828 3810 etiem
1871 3752 2186 3811 animalia:

199 3860 273 3905 uc
300 3844 477 3922 paulo
503 3860 680 3921 supra
708 3842 860 3901 hanc
888 3843 1225 3902 memoriam
1262 3843 1418 3901 servi
1445 3852 1503 3900 et
1541 3842 1802 3915 clientes,
1831 3862 1976 3920 quos
2001 3842 2078 3901 ab
2115 3843 2188 3901 iis
