<?xml version="1.0" encoding="UTF-8"?>
<!DOCTYPE html PUBLIC "-//W3C//DTD XHTML 1.0 Transitional//EN"
    "http://www.w3.org/TR/xhtml1/DTD/xhtml1-transitional.dtd">
<html xmlns="http://www.w3.org/1999/xhtml" xml:lang="en" lang="en">
 <head>
  <title>
</title>
<meta http-equiv="Content-Type" content="text/html;charset=utf-8" />
  <meta name='ocr-system' content='tesseract 3.04.00' />
  <meta name='ocr-capabilities' content='ocr_page ocr_carea ocr_par ocr_line ocrx_word'/>
</head>
<body>
  <div class='ocr_page' id='page_1' title='image "./cjuliuscaesarsc01spengoog_0076.png"; bbox 0 0 2709 4300; ppageno 0'>
   <div class='ocr_carea' id='block_1_1' title="bbox 421 289 2511 366">
    <p class='ocr_par' dir='ltr' id='par_1_1' title="bbox 421 289 2511 366">
     <span class='ocr_line' id='line_1_1' title="bbox 421 289 2511 366; baseline 0.002 -12"><span class='ocrx_word' id='word_1_1' title='bbox 421 295 510 354; x_wconf 74' lang='grc' dir='ltr'>ω</span> <span class='ocrx_word' id='word_1_2' title='bbox 723 289 738 342; x_wconf 74' lang='lat' dir='ltr'><strong>i</strong></span> <span class='ocrx_word' id='word_1_3' title='bbox 1131 305 1222 354; x_wconf 75' lang='lat' dir='ltr'><strong>nn</strong></span> <span class='ocrx_word' id='word_1_4' title='bbox 1257 305 1469 356; x_wconf 76' lang='lat' dir='ltr'><strong>mm</strong></span> <span class='ocrx_word' id='word_1_5' title='bbox 1504 305 1791 354; x_wconf 70' lang='lat' dir='ltr'><strong>emico</strong></span> <span class='ocrx_word' id='word_1_6' title='bbox 2194 309 2511 366; x_wconf 57' lang='lat' dir='ltr'><strong>[omnm.</strong></span> 
     </span>
    </p>
   </div>
   <div class='ocr_carea' id='block_1_2' title="bbox 360 441 2511 3893">
    <p class='ocr_par' dir='ltr' id='par_1_2' title="bbox 521 441 2511 698">
     <span class='ocr_line' id='line_1_2' title="bbox 523 441 2511 524; baseline 0.003 -24"><span class='ocrx_word' id='word_1_7' title='bbox 523 459 688 501; x_wconf 84' lang='lat' dir='ltr'><strong>arma</strong></span> <span class='ocrx_word' id='word_1_8' title='bbox 741 441 952 501; x_wconf 85' lang='lat' dir='ltr'><strong>milites</strong></span> <span class='ocrx_word' id='word_1_9' title='bbox 1005 445 1455 514; x_wconf 83' lang='lat' dir='ltr'><strong>concurrissent,</strong></span> <span class='ocrx_word' id='word_1_10' title='bbox 1510 443 1995 519; x_wconf 80' lang='lat' dir='ltr'><strong>vehementerque</strong></span> <span class='ocrx_word' id='word_1_11' title='bbox 2050 443 2131 502; x_wconf 89' lang='lat' dir='ltr'><strong>ibi</strong></span> <span class='ocrx_word' id='word_1_12' title='bbox 2182 455 2511 524; x_wconf 83' lang='lat' dir='ltr'><strong>pugnatum</strong></span> 
     </span>
     <span class='ocr_line' id='line_1_3' title="bbox 521 531 2509 609; baseline 0.002 -19"><span class='ocrx_word' id='word_1_13' title='bbox 521 542 692 604; x_wconf 82' lang='lat' dir='ltr'><strong>esset,</strong></span> <span class='ocrx_word' id='word_1_14' title='bbox 723 532 994 609; x_wconf 85' lang='lat' dir='ltr'><strong>repulsus</strong></span> <span class='ocrx_word' id='word_1_15' title='bbox 1019 533 1080 590; x_wconf 90' lang='lat' dir='ltr'><strong>in</strong></span> <span class='ocrx_word' id='word_1_16' title='bbox 1119 533 1411 609; x_wconf 88' lang='lat' dir='ltr'><strong>oppidum,</strong></span> <span class='ocrx_word' id='word_1_17' title='bbox 1438 543 1633 590; x_wconf 88' lang='lat' dir='ltr'><strong>tamen</strong></span> <span class='ocrx_word' id='word_1_18' title='bbox 1672 532 1757 590; x_wconf 88' lang='lat' dir='ltr'><strong>uti</strong></span> <span class='ocrx_word' id='word_1_19' title='bbox 1796 531 2003 591; x_wconf 84' lang='lat' dir='ltr'><strong>eadem</strong></span> <span class='ocrx_word' id='word_1_20' title='bbox 2040 533 2347 592; x_wconf 75' lang='lat' dir='ltr'>deditionis</span> <span class='ocrx_word' id='word_1_21' title='bbox 2372 554 2509 594; x_wconf 86' lang='lat' dir='ltr'><strong>con·</strong></span> 
     </span>
     <span class='ocr_line' id='line_1_4' title="bbox 521 621 1711 698; baseline -0.001 -20"><span class='ocrx_word' id='word_1_22' title='bbox 521 621 732 680; x_wconf 78' lang='lat' dir='ltr'>ditione</span> <span class='ocrx_word' id='word_1_23' title='bbox 761 631 1038 692; x_wconf 87' lang='lat' dir='ltr'><strong>uteretur,</strong></span> <span class='ocrx_word' id='word_1_24' title='bbox 1067 641 1104 680; x_wconf 88' lang='lat' dir='ltr'><strong>a</strong></span> <span class='ocrx_word' id='word_1_25' title='bbox 1127 621 1338 680; x_wconf 85' lang='lat' dir='ltr'><strong>Crasso</strong></span> <span class='ocrx_word' id='word_1_26' title='bbox 1364 621 1711 698; x_wconf 82' lang='lat' dir='ltr'><strong>impetravit.</strong></span> 
     </span>
    </p>

    <p class='ocr_par' dir='ltr' id='par_1_3' title="bbox 603 709 2509 787">
     <span class='ocr_line' id='line_1_5' title="bbox 603 709 2509 787; baseline 0 -17"><span class='ocrx_word' id='word_1_27' title='bbox 603 710 824 770; x_wconf 84' lang='lat' dir='ltr'><strong>XXIII.</strong></span> <span class='ocrx_word' id='word_1_28' title='bbox 895 712 1096 770; x_wconf 81' lang='lat' dir='ltr'><strong>Armis</strong></span> <span class='ocrx_word' id='word_1_29' title='bbox 1147 711 1555 787; x_wconf 74' lang='lat' dir='ltr'>obsidibusque</span> <span class='ocrx_word' id='word_1_30' title='bbox 1610 709 1883 786; x_wconf 84' lang='lat' dir='ltr'><strong>acceptis,</strong></span> <span class='ocrx_word' id='word_1_31' title='bbox 1938 709 2189 770; x_wconf 83' lang='lat' dir='ltr'><strong>Crassus</strong></span> <span class='ocrx_word' id='word_1_32' title='bbox 2242 711 2305 770; x_wconf 82' lang='lat' dir='ltr'><strong>in</strong></span> <span class='ocrx_word' id='word_1_33' title='bbox 2358 713 2509 770; x_wconf 64' lang='lat' dir='ltr'><strong>fines</strong></span> 
     </span>
    </p>

    <p class='ocr_par' dir='ltr' id='par_1_4' title="bbox 457 798 2509 875">
     <span class='ocr_line' id='line_1_6' title="bbox 457 798 2509 875; baseline -0.001 -15"><span class='ocrx_word' id='word_1_34' title='bbox 457 807 500 860; x_wconf 67' lang='grc'><strong>8</strong></span> <span class='ocrx_word' id='word_1_35' title='bbox 525 799 836 860; x_wconf 85' lang='lat' dir='ltr'><strong>Vocatium</strong></span> <span class='ocrx_word' id='word_1_36' title='bbox 875 810 934 858; x_wconf 91' lang='lat' dir='ltr'><strong>et</strong></span> <span class='ocrx_word' id='word_1_37' title='bbox 961 799 1340 858; x_wconf 70' lang='lat' dir='ltr'><strong>Tarusatium</strong></span> <span class='ocrx_word' id='word_1_38' title='bbox 1382 798 1673 875; x_wconf 82' lang='lat' dir='ltr'><strong>profectus</strong></span> <span class='ocrx_word' id='word_1_39' title='bbox 1712 807 1821 856; x_wconf 88' lang='lat' dir='ltr'><strong>est.</strong></span> <span class='ocrx_word' id='word_1_40' title='bbox 1904 798 2065 858; x_wconf 88' lang='lat' dir='ltr'><strong>Tum</strong></span> <span class='ocrx_word' id='word_1_41' title='bbox 2092 818 2231 858; x_wconf 80' lang='lat' dir='ltr'><strong>vero</strong></span> <span class='ocrx_word' id='word_1_42' title='bbox 2271 801 2509 858; x_wconf 84' lang='lat' dir='ltr'><strong>barbari</strong></span> 
     </span>
    </p>

    <p class='ocr_par' dir='ltr' id='par_1_5' title="bbox 519 886 2507 1233">
     <span class='ocr_line' id='line_1_7' title="bbox 521 886 2505 964; baseline -0.001 -17"><span class='ocrx_word' id='word_1_43' title='bbox 521 889 806 958; x_wconf 89' lang='lat' dir='ltr'><strong>commoti,</strong></span> <span class='ocrx_word' id='word_1_44' title='bbox 833 887 986 964; x_wconf 90' lang='lat' dir='ltr'><strong>quod</strong></span> <span class='ocrx_word' id='word_1_45' title='bbox 1025 887 1316 964; x_wconf 90' lang='lat' dir='ltr'><strong>oppidum,</strong></span> <span class='ocrx_word' id='word_1_46' title='bbox 1345 897 1405 944; x_wconf 90' lang='lat' dir='ltr'><strong>et</strong></span> <span class='ocrx_word' id='word_1_47' title='bbox 1446 897 1658 944; x_wconf 86' lang='lat' dir='ltr'><strong>natura</strong></span> <span class='ocrx_word' id='word_1_48' title='bbox 1704 886 1819 946; x_wconf 90' lang='lat' dir='ltr'><strong>loci</strong></span> <span class='ocrx_word' id='word_1_49' title='bbox 1862 895 1921 944; x_wconf 85' lang='lat' dir='ltr'><strong>et</strong></span> <span class='ocrx_word' id='word_1_50' title='bbox 1968 905 2144 946; x_wconf 85' lang='lat' dir='ltr'><strong>manu</strong></span> <span class='ocrx_word' id='word_1_51' title='bbox 2192 890 2505 958; x_wconf 74' lang='lat' dir='ltr'><strong>munitum,</strong></span> 
     </span>
     <span class='ocr_line' id='line_1_8' title="bbox 521 977 2505 1056; baseline 0 -20"><span class='ocrx_word' id='word_1_52' title='bbox 521 979 724 1056; x_wconf 88' lang='lat' dir='ltr'><strong>paucis</strong></span> <span class='ocrx_word' id='word_1_53' title='bbox 751 977 970 1047; x_wconf 88' lang='lat' dir='ltr'><strong>diebus,</strong></span> <span class='ocrx_word' id='word_1_54' title='bbox 1013 977 1224 1053; x_wconf 90' lang='lat' dir='ltr'><strong>quibus</strong></span> <span class='ocrx_word' id='word_1_55' title='bbox 1251 995 1320 1034; x_wconf 89' lang='lat' dir='ltr'><strong>eo</strong></span> <span class='ocrx_word' id='word_1_56' title='bbox 1346 985 1585 1033; x_wconf 80' lang='lat' dir='ltr'><strong>ventum</strong></span> <span class='ocrx_word' id='word_1_57' title='bbox 1620 985 1765 1045; x_wconf 87' lang='lat' dir='ltr'><strong>erat,</strong></span> <span class='ocrx_word' id='word_1_58' title='bbox 1794 986 2191 1052; x_wconf 79' lang='lat' dir='ltr'><strong>expugnatum</strong></span> <span class='ocrx_word' id='word_1_59' title='bbox 2218 995 2505 1054; x_wconf 79' lang='lat' dir='ltr'><strong>cognove-</strong></span> 
     </span>
     <span class='ocr_line' id='line_1_9' title="bbox 521 1063 2507 1148; baseline 0.001 -24"><span class='ocrx_word' id='word_1_60' title='bbox 521 1076 667 1136; x_wconf 83' lang='lat' dir='ltr'><strong>rant,</strong></span> <span class='ocrx_word' id='word_1_61' title='bbox 697 1067 914 1144; x_wconf 74' lang='lat' dir='ltr'><strong>legatos</strong></span> <span class='ocrx_word' id='word_1_62' title='bbox 941 1083 1375 1142; x_wconf 81' lang='lat' dir='ltr'><strong>quoquoversus</strong></span> <span class='ocrx_word' id='word_1_63' title='bbox 1402 1063 1705 1134; x_wconf 74' lang='lat' dir='ltr'><strong>dimittere,</strong></span> <span class='ocrx_word' id='word_1_64' title='bbox 1734 1064 2065 1140; x_wconf 78' lang='lat' dir='ltr'><strong>conjurare,</strong></span> <span class='ocrx_word' id='word_1_65' title='bbox 2096 1065 2323 1124; x_wconf 84' lang='lat' dir='ltr'><strong>obsides</strong></span> <span class='ocrx_word' id='word_1_66' title='bbox 2350 1067 2507 1148; x_wconf 72' lang='lat' dir='ltr'><strong>inter</strong></span> 
     </span>
     <span class='ocr_line' id='line_1_10' title="bbox 519 1152 2505 1233; baseline 0 -19"><span class='ocrx_word' id='word_1_67' title='bbox 519 1175 582 1214; x_wconf 81' lang='lat' dir='ltr'><strong>se</strong></span> <span class='ocrx_word' id='word_1_68' title='bbox 621 1155 778 1225; x_wconf 89' lang='lat' dir='ltr'><strong>dare,</strong></span> <span class='ocrx_word' id='word_1_69' title='bbox 819 1156 1016 1233; x_wconf 87' lang='lat' dir='ltr'><strong>copias</strong></span> <span class='ocrx_word' id='word_1_70' title='bbox 1057 1171 1262 1232; x_wconf 88' lang='lat' dir='ltr'><strong>parare</strong></span> <span class='ocrx_word' id='word_1_71' title='bbox 1305 1164 1641 1230; x_wconf 88' lang='lat' dir='ltr'><strong>coeperunt.</strong></span> <span class='ocrx_word' id='word_1_72' title='bbox 1728 1152 2038 1212; x_wconf 86' lang='lat' dir='ltr'><strong>Mittuntur</strong></span> <span class='ocrx_word' id='word_1_73' title='bbox 2062 1155 2239 1212; x_wconf 87' lang='lat' dir='ltr'><strong>etiam</strong></span> <span class='ocrx_word' id='word_1_74' title='bbox 2278 1155 2353 1212; x_wconf 85' lang='lat' dir='ltr'><strong>ad</strong></span> <span class='ocrx_word' id='word_1_75' title='bbox 2400 1175 2505 1214; x_wconf 82' lang='lat' dir='ltr'><strong>eas</strong></span> 
     </span>
    </p>

    <p class='ocr_par' dir='ltr' id='par_1_6' title="bbox 360 1235 2505 1674">
     <span class='ocr_line' id='line_1_11' title="bbox 360 1235 2501 1320; baseline 0 -16"><span class='ocrx_word' id='word_1_76' title='bbox 360 1235 394 1280; x_wconf 47' lang='grc' dir='ltr'><em>Ἃ</em></span> <span class='ocrx_word' id='word_1_77' title='bbox 421 1247 494 1304; x_wconf 86' lang='grc'><strong>10</strong></span> <span class='ocrx_word' id='word_1_78' title='bbox 519 1245 780 1304; x_wconf 83' lang='lat' dir='ltr'><strong>civitates</strong></span> <span class='ocrx_word' id='word_1_79' title='bbox 805 1243 1000 1320; x_wconf 88' lang='lat' dir='ltr'><strong>legati,</strong></span> <span class='ocrx_word' id='word_1_80' title='bbox 1019 1261 1170 1320; x_wconf 86' lang='lat' dir='ltr'><strong>quae</strong></span> <span class='ocrx_word' id='word_1_81' title='bbox 1197 1253 1334 1302; x_wconf 81' lang='lat' dir='ltr'><strong>sunt</strong></span> <span class='ocrx_word' id='word_1_82' title='bbox 1353 1243 1637 1300; x_wconf 82' lang='lat' dir='ltr'><strong>citerioris</strong></span> <span class='ocrx_word' id='word_1_83' title='bbox 1656 1241 1994 1318; x_wconf 70' lang='lat' dir='ltr'><strong>Hispaniae,</strong></span> <span class='ocrx_word' id='word_1_84' title='bbox 2014 1243 2295 1302; x_wconf 88' lang='lat' dir='ltr'><strong>finitimae</strong></span> <span class='ocrx_word' id='word_1_85' title='bbox 2314 1244 2501 1320; x_wconf 81' lang='lat' dir='ltr'><strong>Aqui-</strong></span> 
     </span>
     <span class='ocr_line' id='line_1_12' title="bbox 517 1331 2504 1408; baseline 0.001 -17"><span class='ocrx_word' id='word_1_86' title='bbox 517 1334 744 1392; x_wconf 82' lang='lat' dir='ltr'><strong>taniae:</strong></span> <span class='ocrx_word' id='word_1_87' title='bbox 787 1333 920 1390; x_wconf 87' lang='lat' dir='ltr'><strong>inde</strong></span> <span class='ocrx_word' id='word_1_88' title='bbox 941 1331 1160 1390; x_wconf 85' lang='lat' dir='ltr'><strong>auxilia</strong></span> <span class='ocrx_word' id='word_1_89' title='bbox 1179 1332 1475 1408; x_wconf 90' lang='lat' dir='ltr'><strong>ducesque</strong></span> <span class='ocrx_word' id='word_1_90' title='bbox 1492 1342 1887 1388; x_wconf 85' lang='lat' dir='ltr'><strong>arcessuntur.</strong></span> <span class='ocrx_word' id='word_1_91' title='bbox 1956 1331 2227 1397; x_wconf 84' lang='lat' dir='ltr'><strong>Quorum</strong></span> <span class='ocrx_word' id='word_1_92' title='bbox 2246 1333 2504 1392; x_wconf 79' lang='lat' dir='ltr'><strong>adventu</strong></span> 
     </span>
     <span class='ocr_line' id='line_1_13' title="bbox 519 1419 2503 1498; baseline 0.001 -18"><span class='ocrx_word' id='word_1_93' title='bbox 519 1440 732 1498; x_wconf 84' lang='lat' dir='ltr'><strong>magna</strong></span> <span class='ocrx_word' id='word_1_94' title='bbox 759 1439 898 1480; x_wconf 90' lang='lat' dir='ltr'><strong>cum</strong></span> <span class='ocrx_word' id='word_1_95' title='bbox 937 1423 1278 1480; x_wconf 85' lang='lat' dir='ltr'><strong>auctoritate</strong></span> <span class='ocrx_word' id='word_1_96' title='bbox 1305 1430 1365 1478; x_wconf 88' lang='lat' dir='ltr'><strong>et</strong></span> <span class='ocrx_word' id='word_1_97' title='bbox 1392 1437 1605 1496; x_wconf 84' lang='lat' dir='ltr'><strong>magna</strong></span> <span class='ocrx_word' id='word_1_98' title='bbox 1632 1437 1773 1478; x_wconf 90' lang='lat' dir='ltr'><strong>cum</strong></span> <span class='ocrx_word' id='word_1_99' title='bbox 1810 1419 2107 1478; x_wconf 88' lang='lat' dir='ltr'><strong>hominum</strong></span> <span class='ocrx_word' id='word_1_100' title='bbox 2132 1421 2503 1483; x_wconf 85' lang='lat' dir='ltr'><strong>multitudine</strong></span> 
     </span>
     <span class='ocr_line' id='line_1_14' title="bbox 519 1507 2505 1588; baseline 0.001 -18"><span class='ocrx_word' id='word_1_101' title='bbox 519 1511 738 1570; x_wconf 87' lang='lat' dir='ltr'><strong>bellum</strong></span> <span class='ocrx_word' id='word_1_102' title='bbox 763 1529 970 1588; x_wconf 81' lang='lat' dir='ltr'><strong>gerere</strong></span> <span class='ocrx_word' id='word_1_103' title='bbox 997 1520 1300 1569; x_wconf 88' lang='lat' dir='ltr'><strong>conantur.</strong></span> <span class='ocrx_word' id='word_1_104' title='bbox 1384 1507 1584 1568; x_wconf 88' lang='lat' dir='ltr'><strong>Duces</strong></span> <span class='ocrx_word' id='word_1_105' title='bbox 1611 1525 1749 1568; x_wconf 85' lang='lat' dir='ltr'><strong>vero</strong></span> <span class='ocrx_word' id='word_1_106' title='bbox 1776 1509 1819 1566; x_wconf 93' lang='lat' dir='ltr'><strong>ii</strong></span> <span class='ocrx_word' id='word_1_107' title='bbox 1856 1509 2208 1586; x_wconf 86' lang='lat' dir='ltr'><strong>deliguntur,</strong></span> <span class='ocrx_word' id='word_1_108' title='bbox 2236 1512 2341 1586; x_wconf 90' lang='lat' dir='ltr'><strong>qui</strong></span> <span class='ocrx_word' id='word_1_109' title='bbox 2382 1530 2505 1572; x_wconf 87' lang='lat' dir='ltr'><strong>una</strong></span> 
     </span>
     <span class='ocr_line' id='line_1_15' title="bbox 519 1597 2503 1674; baseline 0.001 -16"><span class='ocrx_word' id='word_1_110' title='bbox 519 1619 658 1658; x_wconf 90' lang='lat' dir='ltr'><strong>cum</strong></span> <span class='ocrx_word' id='word_1_111' title='bbox 683 1601 762 1666; x_wconf 85' lang='lat' dir='ltr'><strong>Q.</strong></span> <span class='ocrx_word' id='word_1_112' title='bbox 785 1599 1038 1659; x_wconf 85' lang='lat' dir='ltr'><strong>Sertorio</strong></span> <span class='ocrx_word' id='word_1_113' title='bbox 1063 1617 1264 1658; x_wconf 85' lang='lat' dir='ltr'><strong>omnes</strong></span> <span class='ocrx_word' id='word_1_114' title='bbox 1291 1617 1473 1656; x_wconf 87' lang='lat' dir='ltr'><strong>annos</strong></span> <span class='ocrx_word' id='word_1_115' title='bbox 1500 1597 1747 1668; x_wconf 81' lang='lat' dir='ltr'><strong>fuerant,</strong></span> <span class='ocrx_word' id='word_1_116' title='bbox 1774 1616 2179 1674; x_wconf 72' lang='lat' dir='ltr'><strong>summamque</strong></span> <span class='ocrx_word' id='word_1_117' title='bbox 2198 1601 2503 1660; x_wconf 78' lang='lat' dir='ltr'><strong>scientiam</strong></span> 
     </span>
    </p>

    <p class='ocr_par' dir='ltr' id='par_1_7' title="bbox 421 1685 2503 2119">
     <span class='ocr_line' id='line_1_16' title="bbox 421 1685 2503 1765; baseline -0.001 -16"><span class='ocrx_word' id='word_1_118' title='bbox 421 1697 494 1752; x_wconf 81' lang='lat'><strong>15</strong></span> <span class='ocrx_word' id='word_1_119' title='bbox 521 1691 608 1746; x_wconf 87' lang='lat' dir='ltr'><strong>rei</strong></span> <span class='ocrx_word' id='word_1_120' title='bbox 633 1688 898 1746; x_wconf 88' lang='lat' dir='ltr'><strong>militaris</strong></span> <span class='ocrx_word' id='word_1_121' title='bbox 923 1687 1136 1746; x_wconf 87' lang='lat' dir='ltr'><strong>habere</strong></span> <span class='ocrx_word' id='word_1_122' title='bbox 1165 1686 1665 1744; x_wconf 71' lang='lat' dir='ltr'><strong>existimabantur.</strong></span> <span class='ocrx_word' id='word_1_123' title='bbox 1724 1685 1825 1756; x_wconf 91' lang='lat' dir='ltr'><strong>Hi,</strong></span> <span class='ocrx_word' id='word_1_124' title='bbox 1848 1687 2265 1747; x_wconf 86' lang='lat' dir='ltr'><strong>consuetudine</strong></span> <span class='ocrx_word' id='word_1_125' title='bbox 2294 1688 2503 1765; x_wconf 86' lang='lat' dir='ltr'><strong>Populi</strong></span> 
     </span>
     <span class='ocr_line' id='line_1_17' title="bbox 520 1775 2503 1852; baseline 0.001 -18"><span class='ocrx_word' id='word_1_126' title='bbox 520 1777 786 1847; x_wconf 84' lang='lat' dir='ltr'><strong>Romani,</strong></span> <span class='ocrx_word' id='word_1_127' title='bbox 829 1776 958 1836; x_wconf 92' lang='lat' dir='ltr'><strong>loca</strong></span> <span class='ocrx_word' id='word_1_128' title='bbox 1005 1793 1238 1852; x_wconf 87' lang='lat' dir='ltr'><strong>capere,</strong></span> <span class='ocrx_word' id='word_1_129' title='bbox 1281 1784 1475 1834; x_wconf 85' lang='lat' dir='ltr'><strong>castra</strong></span> <span class='ocrx_word' id='word_1_130' title='bbox 1524 1775 1771 1843; x_wconf 87' lang='lat' dir='ltr'><strong>munire,</strong></span> <span class='ocrx_word' id='word_1_131' title='bbox 1816 1775 2233 1834; x_wconf 68' lang='lat' dir='ltr'><strong>commatibus</strong></span> <span class='ocrx_word' id='word_1_132' title='bbox 2280 1789 2503 1836; x_wconf 87' lang='lat' dir='ltr'><strong>nostros</strong></span> 
     </span>
     <span class='ocr_line' id='line_1_18' title="bbox 519 1862 2501 1937; baseline 0.001 -15"><span class='ocrx_word' id='word_1_133' title='bbox 519 1865 904 1924; x_wconf 79' lang='lat' dir='ltr'><strong>intercludere</strong></span> <span class='ocrx_word' id='word_1_134' title='bbox 959 1865 1282 1924; x_wconf 87' lang='lat' dir='ltr'><strong>instituunt.</strong></span> <span class='ocrx_word' id='word_1_135' title='bbox 1392 1862 1565 1928; x_wconf 85' lang='lat' dir='ltr'><strong>Quod</strong></span> <span class='ocrx_word' id='word_1_136' title='bbox 1624 1863 1723 1919; x_wconf 91' lang='lat' dir='ltr'><strong>ubi</strong></span> <span class='ocrx_word' id='word_1_137' title='bbox 1776 1862 2023 1922; x_wconf 88' lang='lat' dir='ltr'><strong>Crassus</strong></span> <span class='ocrx_word' id='word_1_138' title='bbox 2076 1864 2501 1937; x_wconf 76' lang='lat' dir='ltr'><strong>animadvertit,</strong></span> 
     </span>
     <span class='ocr_line' id='line_1_19' title="bbox 519 1951 2502 2031; baseline 0.002 -21"><span class='ocrx_word' id='word_1_139' title='bbox 519 1971 658 2012; x_wconf 86' lang='lat' dir='ltr'><strong>suas</strong></span> <span class='ocrx_word' id='word_1_140' title='bbox 683 1954 878 2030; x_wconf 87' lang='lat' dir='ltr'><strong>copias</strong></span> <span class='ocrx_word' id='word_1_141' title='bbox 905 1963 1132 2031; x_wconf 86' lang='lat' dir='ltr'><strong>propter</strong></span> <span class='ocrx_word' id='word_1_142' title='bbox 1157 1953 1535 2030; x_wconf 75' lang='lat' dir='ltr'><strong>exiguitatem</strong></span> <span class='ocrx_word' id='word_1_143' title='bbox 1564 1971 1677 2010; x_wconf 87' lang='lat' dir='ltr'><strong>non</strong></span> <span class='ocrx_word' id='word_1_144' title='bbox 1706 1951 1881 2010; x_wconf 81' lang='lat' dir='ltr'><strong>facile</strong></span> <span class='ocrx_word' id='word_1_145' title='bbox 1908 1952 2103 2010; x_wconf 87' lang='lat' dir='ltr'><strong>diduci</strong></span> <span class='ocrx_word' id='word_1_146' title='bbox 2126 1972 2145 2026; x_wconf 68' lang='grc' dir='ltr'><strong>ς</strong></span> <span class='ocrx_word' id='word_1_147' title='bbox 2192 1954 2416 2012; x_wconf 86' lang='lat' dir='ltr'><strong>hostem</strong></span> <span class='ocrx_word' id='word_1_148' title='bbox 2442 1965 2502 2014; x_wconf 90' lang='lat' dir='ltr'><strong>et</strong></span> 
     </span>
     <span class='ocr_line' id='line_1_20' title="bbox 521 2041 2499 2119; baseline 0.002 -21"><span class='ocrx_word' id='word_1_149' title='bbox 521 2041 743 2119; x_wconf 85' lang='lat' dir='ltr'><strong>vagari,</strong></span> <span class='ocrx_word' id='word_1_150' title='bbox 771 2051 830 2100; x_wconf 88' lang='lat' dir='ltr'><strong>et</strong></span> <span class='ocrx_word' id='word_1_151' title='bbox 856 2043 981 2100; x_wconf 78' lang='lat' dir='ltr'><strong>vias</strong></span> <span class='ocrx_word' id='word_1_152' title='bbox 1005 2041 1285 2112; x_wconf 87' lang='lat' dir='ltr'><strong>obsidere,</strong></span> <span class='ocrx_word' id='word_1_153' title='bbox 1315 2051 1373 2100; x_wconf 91' lang='lat' dir='ltr'><strong>et</strong></span> <span class='ocrx_word' id='word_1_154' title='bbox 1398 2042 1607 2100; x_wconf 73' lang='lat' dir='ltr'><strong>castris</strong></span> <span class='ocrx_word' id='word_1_155' title='bbox 1644 2041 1785 2100; x_wconf 84' lang='lat' dir='ltr'><strong>satis</strong></span> <span class='ocrx_word' id='word_1_156' title='bbox 1826 2041 2095 2117; x_wconf 87' lang='lat' dir='ltr'><strong>praesidii</strong></span> <span class='ocrx_word' id='word_1_157' title='bbox 2122 2042 2455 2118; x_wconf 86' lang='lat' dir='ltr'><strong>relinquere</strong></span> <span class='ocrx_word' id='word_1_158' title='bbox 2479 2065 2499 2117; x_wconf 91' lang='lat'>;</span> 
     </span>
    </p>

    <p class='ocr_par' dir='ltr' id='par_1_8' title="bbox 413 2128 2505 2565">
     <span class='ocr_line' id='line_1_21' title="bbox 413 2128 2503 2209; baseline -0 -15"><span class='ocrx_word' id='word_1_159' title='bbox 413 2139 496 2194; x_wconf 76' lang='lat'><strong>20</strong></span> <span class='ocrx_word' id='word_1_160' title='bbox 519 2129 594 2189; x_wconf 88' lang='lat' dir='ltr'><strong>ob</strong></span> <span class='ocrx_word' id='word_1_161' title='bbox 617 2150 750 2189; x_wconf 88' lang='lat' dir='ltr'><strong>eam</strong></span> <span class='ocrx_word' id='word_1_162' title='bbox 777 2150 1018 2189; x_wconf 85' lang='lat' dir='ltr'><strong>causam</strong></span> <span class='ocrx_word' id='word_1_163' title='bbox 1043 2131 1238 2189; x_wconf 87' lang='lat' dir='ltr'><strong>minus</strong></span> <span class='ocrx_word' id='word_1_164' title='bbox 1275 2129 1573 2189; x_wconf 85' lang='lat' dir='ltr'><strong>commode</strong></span> <span class='ocrx_word' id='word_1_165' title='bbox 1604 2128 1958 2191; x_wconf 84' lang='lat' dir='ltr'><strong>frumentum</strong></span> <span class='ocrx_word' id='word_1_166' title='bbox 1998 2142 2503 2209; x_wconf 75' lang='lat' dir='ltr'><strong>commeatumque</strong></span> 
     </span>
     <span class='ocr_line' id='line_1_22' title="bbox 519 2220 2503 2297; baseline 0.002 -18"><span class='ocrx_word' id='word_1_167' title='bbox 519 2220 630 2279; x_wconf 88' lang='lat' dir='ltr'><strong>sibi</strong></span> <span class='ocrx_word' id='word_1_168' title='bbox 683 2222 1006 2297; x_wconf 79' lang='lat' dir='ltr'><strong>supportari</strong></span> <span class='ocrx_word' id='word_1_169' title='bbox 1029 2240 1047 2292; x_wconf 84' lang='lat'>3</span> <span class='ocrx_word' id='word_1_170' title='bbox 1111 2221 1172 2277; x_wconf 90' lang='lat' dir='ltr'><strong>in</strong></span> <span class='ocrx_word' id='word_1_171' title='bbox 1225 2220 1352 2277; x_wconf 90' lang='lat' dir='ltr'><strong>dies</strong></span> <span class='ocrx_word' id='word_1_172' title='bbox 1408 2220 1661 2277; x_wconf 87' lang='lat' dir='ltr'><strong>hostium</strong></span> <span class='ocrx_word' id='word_1_173' title='bbox 1716 2238 2029 2279; x_wconf 88' lang='lat' dir='ltr'><strong>numerum</strong></span> <span class='ocrx_word' id='word_1_174' title='bbox 2076 2222 2319 2297; x_wconf 81' lang='lat' dir='ltr'><strong>augeri3</strong></span> <span class='ocrx_word' id='word_1_175' title='bbox 2386 2240 2503 2283; x_wconf 77' lang='lat' dir='ltr'><strong>nou</strong></span> 
     </span>
     <span class='ocr_line' id='line_1_23' title="bbox 519 2308 2503 2386; baseline 0.001 -19"><span class='ocrx_word' id='word_1_176' title='bbox 519 2308 914 2367; x_wconf 88' lang='lat' dir='ltr'><strong>cunctandum</strong></span> <span class='ocrx_word' id='word_1_177' title='bbox 941 2309 1307 2377; x_wconf 80' lang='lat' dir='ltr'><strong>existimavit,</strong></span> <span class='ocrx_word' id='word_1_178' title='bbox 1337 2308 1478 2384; x_wconf 85' lang='lat' dir='ltr'><strong>quin</strong></span> <span class='ocrx_word' id='word_1_179' title='bbox 1508 2326 1705 2386; x_wconf 83' lang='lat' dir='ltr'><strong>pugna</strong></span> <span class='ocrx_word' id='word_1_180' title='bbox 1730 2308 2072 2367; x_wconf 80' lang='lat' dir='ltr'><strong>decertaret.</strong></span> <span class='ocrx_word' id='word_1_181' title='bbox 2156 2308 2291 2368; x_wconf 90' lang='lat' dir='ltr'><strong>Hac</strong></span> <span class='ocrx_word' id='word_1_182' title='bbox 2333 2327 2399 2369; x_wconf 83' lang='lat' dir='ltr'><strong>re</strong></span> <span class='ocrx_word' id='word_1_183' title='bbox 2426 2312 2503 2369; x_wconf 86' lang='lat' dir='ltr'><strong>ad</strong></span> 
     </span>
     <span class='ocr_line' id='line_1_24' title="bbox 519 2396 2505 2475; baseline 0.001 -18"><span class='ocrx_word' id='word_1_184' title='bbox 519 2398 826 2457; x_wconf 89' lang='lat' dir='ltr'><strong>consilium</strong></span> <span class='ocrx_word' id='word_1_185' title='bbox 851 2398 1060 2468; x_wconf 87' lang='lat' dir='ltr'><strong>delata,</strong></span> <span class='ocrx_word' id='word_1_186' title='bbox 1091 2398 1190 2455; x_wconf 91' lang='lat' dir='ltr'><strong>ubi</strong></span> <span class='ocrx_word' id='word_1_187' title='bbox 1217 2414 1418 2455; x_wconf 85' lang='lat' dir='ltr'><strong>omnes</strong></span> <span class='ocrx_word' id='word_1_188' title='bbox 1446 2396 1597 2455; x_wconf 88' lang='lat' dir='ltr'><strong>idem</strong></span> <span class='ocrx_word' id='word_1_189' title='bbox 1636 2398 1851 2456; x_wconf 88' lang='lat' dir='ltr'><strong>sentire</strong></span> <span class='ocrx_word' id='word_1_190' title='bbox 1878 2398 2179 2469; x_wconf 84' lang='lat' dir='ltr'><strong>intellexit,</strong></span> <span class='ocrx_word' id='word_1_191' title='bbox 2208 2410 2505 2475; x_wconf 86' lang='lat' dir='ltr'><strong>posterum</strong></span> 
     </span>
     <span class='ocr_line' id='line_1_25' title="bbox 519 2488 1270 2565; baseline -0.001 -20"><span class='ocrx_word' id='word_1_192' title='bbox 519 2488 672 2547; x_wconf 89' lang='lat' dir='ltr'><strong>diem</strong></span> <span class='ocrx_word' id='word_1_193' title='bbox 700 2506 930 2565; x_wconf 88' lang='lat' dir='ltr'><strong>pugnae</strong></span> <span class='ocrx_word' id='word_1_194' title='bbox 957 2488 1270 2565; x_wconf 84' lang='lat' dir='ltr'><strong>constituit.</strong></span> 
     </span>
    </p>

    <p class='ocr_par' dir='ltr' id='par_1_9' title="bbox 415 2574 2507 3005">
     <span class='ocr_line' id='line_1_26' title="bbox 415 2574 2505 2653; baseline 0.002 -18"><span class='ocrx_word' id='word_1_195' title='bbox 415 2580 494 2635; x_wconf 81' lang='lat'><strong>25</strong></span> <span class='ocrx_word' id='word_1_196' title='bbox 602 2576 822 2635; x_wconf 85' lang='lat' dir='ltr'><strong>XXIV.</strong></span> <span class='ocrx_word' id='word_1_197' title='bbox 868 2576 1063 2633; x_wconf 85' lang='lat' dir='ltr'><strong>Prima</strong></span> <span class='ocrx_word' id='word_1_198' title='bbox 1089 2576 1242 2646; x_wconf 90' lang='lat' dir='ltr'><strong>luce,</strong></span> <span class='ocrx_word' id='word_1_199' title='bbox 1286 2574 1581 2652; x_wconf 88' lang='lat' dir='ltr'><strong>productis</strong></span> <span class='ocrx_word' id='word_1_200' title='bbox 1604 2576 1873 2634; x_wconf 88' lang='lat' dir='ltr'><strong>omnibus</strong></span> <span class='ocrx_word' id='word_1_201' title='bbox 1898 2577 2095 2652; x_wconf 89' lang='lat' dir='ltr'><strong>copiis,</strong></span> <span class='ocrx_word' id='word_1_202' title='bbox 2124 2576 2344 2653; x_wconf 77' lang='lat' dir='ltr'><strong>duplici</strong></span> <span class='ocrx_word' id='word_1_203' title='bbox 2372 2580 2505 2639; x_wconf 81' lang='lat' dir='ltr'><strong>acie</strong></span> 
     </span>
     <span class='ocr_line' id='line_1_27' title="bbox 519 2665 2503 2742; baseline 0.002 -19"><span class='ocrx_word' id='word_1_204' title='bbox 519 2666 796 2737; x_wconf 89' lang='lat' dir='ltr'><strong>instituta,</strong></span> <span class='ocrx_word' id='word_1_205' title='bbox 827 2665 1060 2723; x_wconf 75' lang='lat' dir='ltr'><strong>auxiliis</strong></span> <span class='ocrx_word' id='word_1_206' title='bbox 1087 2667 1146 2723; x_wconf 89' lang='lat' dir='ltr'><strong>in</strong></span> <span class='ocrx_word' id='word_1_207' title='bbox 1175 2666 1425 2723; x_wconf 87' lang='lat' dir='ltr'><strong>mediam</strong></span> <span class='ocrx_word' id='word_1_208' title='bbox 1454 2667 1641 2723; x_wconf 87' lang='lat' dir='ltr'><strong>aciem</strong></span> <span class='ocrx_word' id='word_1_209' title='bbox 1666 2666 1965 2741; x_wconf 87' lang='lat' dir='ltr'><strong>conjectis,</strong></span> <span class='ocrx_word' id='word_1_210' title='bbox 1981 2666 2121 2742; x_wconf 91' lang='lat' dir='ltr'><strong>quid</strong></span> <span class='ocrx_word' id='word_1_211' title='bbox 2148 2668 2339 2725; x_wconf 86' lang='lat' dir='ltr'><strong>hostes</strong></span> <span class='ocrx_word' id='word_1_212' title='bbox 2364 2688 2503 2727; x_wconf 84' lang='lat' dir='ltr'><strong>oon-</strong></span> 
     </span>
     <span class='ocr_line' id='line_1_28' title="bbox 519 2753 2502 2831; baseline 0.002 -18"><span class='ocrx_word' id='word_1_213' title='bbox 519 2755 636 2813; x_wconf 86' lang='lat' dir='ltr'><strong>silii</strong></span> <span class='ocrx_word' id='word_1_214' title='bbox 677 2764 972 2831; x_wconf 87' lang='lat' dir='ltr'><strong>caperent,</strong></span> <span class='ocrx_word' id='word_1_215' title='bbox 1015 2755 1404 2830; x_wconf 84' lang='lat' dir='ltr'><strong>exspectabat.</strong></span> <span class='ocrx_word' id='word_1_216' title='bbox 1488 2753 1599 2824; x_wconf 92' lang='lat' dir='ltr'><strong>Illi,</strong></span> <span class='ocrx_word' id='word_1_217' title='bbox 1642 2755 1752 2813; x_wconf 83' lang='lat' dir='ltr'><strong>etsi</strong></span> <span class='ocrx_word' id='word_1_218' title='bbox 1794 2766 2025 2831; x_wconf 89' lang='lat' dir='ltr'><strong>propter</strong></span> <span class='ocrx_word' id='word_1_219' title='bbox 2052 2754 2502 2827; x_wconf 78' lang='lat' dir='ltr'><strong>multitudinem,</strong></span> 
     </span>
     <span class='ocr_line' id='line_1_29' title="bbox 519 2843 2507 2921; baseline 0.001 -19"><span class='ocrx_word' id='word_1_220' title='bbox 519 2853 578 2903; x_wconf 91' lang='lat' dir='ltr'><strong>et</strong></span> <span class='ocrx_word' id='word_1_221' title='bbox 605 2853 859 2902; x_wconf 83' lang='lat' dir='ltr'><strong>veterem</strong></span> <span class='ocrx_word' id='word_1_222' title='bbox 901 2843 1038 2901; x_wconf 90' lang='lat' dir='ltr'><strong>belli</strong></span> <span class='ocrx_word' id='word_1_223' title='bbox 1081 2844 1346 2920; x_wconf 87' lang='lat' dir='ltr'><strong>gloriam,</strong></span> <span class='ocrx_word' id='word_1_224' title='bbox 1394 2843 1859 2921; x_wconf 85' lang='lat' dir='ltr'><strong>paucitatemque</strong></span> <span class='ocrx_word' id='word_1_225' title='bbox 1906 2854 2250 2914; x_wconf 87' lang='lat' dir='ltr'><strong>nostrorum,</strong></span> <span class='ocrx_word' id='word_1_226' title='bbox 2280 2864 2349 2903; x_wconf 80' lang='lat' dir='ltr'><strong>se</strong></span> <span class='ocrx_word' id='word_1_227' title='bbox 2380 2854 2507 2904; x_wconf 89' lang='lat' dir='ltr'><strong>tuto</strong></span> 
     </span>
     <span class='ocr_line' id='line_1_30' title="bbox 519 2932 2501 3005; baseline 0 -14"><span class='ocrx_word' id='word_1_228' title='bbox 519 2933 891 2991; x_wconf 82' lang='lat' dir='ltr'><strong>dimicaturos</strong></span> <span class='ocrx_word' id='word_1_229' title='bbox 933 2933 1354 3003; x_wconf 87' lang='lat' dir='ltr'><strong>existimabant,</strong></span> <span class='ocrx_word' id='word_1_230' title='bbox 1410 2943 1605 2991; x_wconf 88' lang='lat' dir='ltr'><strong>tamen</strong></span> <span class='ocrx_word' id='word_1_231' title='bbox 1645 2933 1828 2991; x_wconf 88' lang='lat' dir='ltr'><strong>tutius</strong></span> <span class='ocrx_word' id='word_1_232' title='bbox 1874 2951 2003 2991; x_wconf 85' lang='lat' dir='ltr'><strong>esse</strong></span> <span class='ocrx_word' id='word_1_233' title='bbox 2047 2932 2501 3005; x_wconf 82' lang='lat' dir='ltr'><strong>arbitrabantur,</strong></span> 
     </span>
    </p>

    <p class='ocr_par' dir='ltr' id='par_1_10' title="bbox 417 3020 2505 3454">
     <span class='ocr_line' id='line_1_31' title="bbox 417 3020 2505 3091; baseline 0 -10"><span class='ocrx_word' id='word_1_234' title='bbox 417 3032 494 3087; x_wconf 83' lang='grc'><strong>30</strong></span> <span class='ocrx_word' id='word_1_235' title='bbox 519 3022 765 3081; x_wconf 83' lang='lat' dir='ltr'><strong>obsessis</strong></span> <span class='ocrx_word' id='word_1_236' title='bbox 793 3021 920 3091; x_wconf 82' lang='lat' dir='ltr'><strong>viis,</strong></span> <span class='ocrx_word' id='word_1_237' title='bbox 947 3031 1273 3079; x_wconf 87' lang='lat' dir='ltr'><strong>commeatu</strong></span> <span class='ocrx_word' id='word_1_238' title='bbox 1301 3021 1637 3090; x_wconf 77' lang='lat' dir='ltr'><strong>interclusO,</strong></span> <span class='ocrx_word' id='word_1_239' title='bbox 1666 3022 1791 3079; x_wconf 88' lang='lat' dir='ltr'><strong>sine</strong></span> <span class='ocrx_word' id='word_1_240' title='bbox 1820 3020 1941 3079; x_wconf 87' lang='lat' dir='ltr'><strong>ullo</strong></span> <span class='ocrx_word' id='word_1_241' title='bbox 1969 3020 2209 3083; x_wconf 66' lang='lat' dir='ltr'><strong>Yulnere</strong></span> <span class='ocrx_word' id='word_1_242' title='bbox 2252 3023 2505 3081; x_wconf 79' lang='lat' dir='ltr'><strong>victoria</strong></span> 
     </span>
     <span class='ocr_line' id='line_1_32' title="bbox 520 3108 2503 3188; baseline 0.001 -19"><span class='ocrx_word' id='word_1_243' title='bbox 520 3112 724 3188; x_wconf 84' lang='lat' dir='ltr'><strong>potiri:</strong></span> <span class='ocrx_word' id='word_1_244' title='bbox 767 3120 841 3181; x_wconf 87' lang='lat' dir='ltr'><strong>et,</strong></span> <span class='ocrx_word' id='word_1_245' title='bbox 863 3110 914 3168; x_wconf 89' lang='lat' dir='ltr'><strong>si</strong></span> <span class='ocrx_word' id='word_1_246' title='bbox 944 3119 1172 3186; x_wconf 88' lang='lat' dir='ltr'><strong>propter</strong></span> <span class='ocrx_word' id='word_1_247' title='bbox 1213 3110 1465 3186; x_wconf 86' lang='lat' dir='ltr'><strong>inopiam</strong></span> <span class='ocrx_word' id='word_1_248' title='bbox 1506 3110 1591 3168; x_wconf 86' lang='lat' dir='ltr'><strong>rei</strong></span> <span class='ocrx_word' id='word_1_249' title='bbox 1636 3108 2047 3169; x_wconf 85' lang='lat' dir='ltr'><strong>frumentariae</strong></span> <span class='ocrx_word' id='word_1_250' title='bbox 2078 3109 2329 3167; x_wconf 89' lang='lat' dir='ltr'><strong>Romani</strong></span> <span class='ocrx_word' id='word_1_251' title='bbox 2372 3131 2503 3171; x_wconf 80' lang='lat' dir='ltr'><strong>sese</strong></span> 
     </span>
     <span class='ocr_line' id='line_1_33' title="bbox 520 3198 2503 3277; baseline -0.001 -18"><span class='ocrx_word' id='word_1_252' title='bbox 520 3202 778 3277; x_wconf 88' lang='lat' dir='ltr'><strong>recipere</strong></span> <span class='ocrx_word' id='word_1_253' title='bbox 805 3200 1144 3277; x_wconf 85' lang='lat' dir='ltr'><strong>coepissent,</strong></span> <span class='ocrx_word' id='word_1_254' title='bbox 1171 3198 1468 3275; x_wconf 85' lang='lat' dir='ltr'><strong>impeditos</strong></span> <span class='ocrx_word' id='word_1_255' title='bbox 1496 3200 1555 3257; x_wconf 89' lang='lat' dir='ltr'><strong>in</strong></span> <span class='ocrx_word' id='word_1_256' title='bbox 1584 3199 1813 3277; x_wconf 83' lang='lat' dir='ltr'><strong>agmine</strong></span> <span class='ocrx_word' id='word_1_257' title='bbox 1840 3208 1899 3257; x_wconf 90' lang='lat' dir='ltr'><strong>et</strong></span> <span class='ocrx_word' id='word_1_258' title='bbox 1922 3199 2034 3257; x_wconf 87' lang='lat' dir='ltr'><strong>sub</strong></span> <span class='ocrx_word' id='word_1_259' title='bbox 2060 3200 2325 3269; x_wconf 76' lang='lat' dir='ltr'><strong>sarciniS,</strong></span> <span class='ocrx_word' id='word_1_260' title='bbox 2356 3200 2503 3258; x_wconf 80' lang='lat' dir='ltr'><strong>infe-</strong></span> 
     </span>
     <span class='ocr_line' id='line_1_34' title="bbox 519 3287 2505 3364; baseline -0.001 -17"><span class='ocrx_word' id='word_1_261' title='bbox 519 3292 700 3349; x_wconf 85' lang='lat' dir='ltr'><strong>riores</strong></span> <span class='ocrx_word' id='word_1_262' title='bbox 741 3290 951 3359; x_wconf 88' lang='lat' dir='ltr'><strong>anim0‚</strong></span> <span class='ocrx_word' id='word_1_263' title='bbox 993 3288 1206 3347; x_wconf 84' lang='lat' dir='ltr'><strong>adoriri</strong></span> <span class='ocrx_word' id='word_1_264' title='bbox 1247 3288 1595 3364; x_wconf 88' lang='lat' dir='ltr'><strong>cogitabant.</strong></span> <span class='ocrx_word' id='word_1_265' title='bbox 1680 3287 1811 3347; x_wconf 84' lang='lat' dir='ltr'><strong>Hoc</strong></span> <span class='ocrx_word' id='word_1_266' title='bbox 1858 3288 2097 3346; x_wconf 89' lang='lat' dir='ltr'><strong>consilio</strong></span> <span class='ocrx_word' id='word_1_267' title='bbox 2145 3288 2381 3363; x_wconf 87' lang='lat' dir='ltr'><strong>probato</strong></span> <span class='ocrx_word' id='word_1_268' title='bbox 2428 3291 2505 3346; x_wconf 86' lang='lat' dir='ltr'><strong>ab</strong></span> 
     </span>
     <span class='ocr_line' id='line_1_35' title="bbox 517 3376 2502 3454; baseline 0 -19"><span class='ocrx_word' id='word_1_269' title='bbox 517 3378 781 3448; x_wconf 89' lang='lat' dir='ltr'><strong>ducibus,</strong></span> <span class='ocrx_word' id='word_1_270' title='bbox 811 3377 1104 3454; x_wconf 88' lang='lat' dir='ltr'><strong>productis</strong></span> <span class='ocrx_word' id='word_1_271' title='bbox 1129 3376 1521 3435; x_wconf 84' lang='lat' dir='ltr'><strong>Romanorum</strong></span> <span class='ocrx_word' id='word_1_272' title='bbox 1560 3377 1759 3453; x_wconf 83' lang='lat' dir='ltr'><strong>copiis,</strong></span> <span class='ocrx_word' id='word_1_273' title='bbox 1786 3394 1915 3435; x_wconf 88' lang='lat' dir='ltr'><strong>sese</strong></span> <span class='ocrx_word' id='word_1_274' title='bbox 1958 3376 2165 3433; x_wconf 86' lang='lat' dir='ltr'><strong>castris</strong></span> <span class='ocrx_word' id='word_1_275' title='bbox 2204 3377 2502 3435; x_wconf 82' lang='lat' dir='ltr'><strong>tenebant.</strong></span> 
     </span>
    </p>

    <p class='ocr_par' dir='ltr' id='par_1_11' title="bbox 417 3464 2509 3893">
     <span class='ocr_line' id='line_1_36' title="bbox 417 3464 2508 3542; baseline -0.001 -14"><span class='ocrx_word' id='word_1_276' title='bbox 417 3478 494 3533; x_wconf 76' lang='lat'><strong>3⁵</strong></span> <span class='ocrx_word' id='word_1_277' title='bbox 519 3466 652 3525; x_wconf 91' lang='lat' dir='ltr'><strong>Hac</strong></span> <span class='ocrx_word' id='word_1_278' title='bbox 701 3484 766 3524; x_wconf 86' lang='lat' dir='ltr'><strong>re</strong></span> <span class='ocrx_word' id='word_1_279' title='bbox 813 3476 1130 3542; x_wconf 87' lang='lat' dir='ltr'><strong>perspecta,</strong></span> <span class='ocrx_word' id='word_1_280' title='bbox 1185 3464 1451 3534; x_wconf 84' lang='lat' dir='ltr'><strong>Crassus,</strong></span> <span class='ocrx_word' id='word_1_281' title='bbox 1500 3483 1683 3541; x_wconf 87' lang='lat' dir='ltr'><strong>quum</strong></span> <span class='ocrx_word' id='word_1_282' title='bbox 1738 3483 1847 3523; x_wconf 87' lang='lat' dir='ltr'><strong>sua</strong></span> <span class='ocrx_word' id='word_1_283' title='bbox 1898 3465 2271 3523; x_wconf 88' lang='lat' dir='ltr'><strong>cunctatione</strong></span> <span class='ocrx_word' id='word_1_284' title='bbox 2324 3476 2508 3542; x_wconf 86' lang='lat' dir='ltr'><strong>atque</strong></span> 
     </span>
     <span class='ocr_line' id='line_1_37' title="bbox 517 3553 2505 3631; baseline -0.004 -18"><span class='ocrx_word' id='word_1_285' title='bbox 517 3556 782 3631; x_wconf 87' lang='lat' dir='ltr'><strong>opinione</strong></span> <span class='ocrx_word' id='word_1_286' title='bbox 807 3554 1120 3613; x_wconf 88' lang='lat' dir='ltr'><strong>timidiores</strong></span> <span class='ocrx_word' id='word_1_287' title='bbox 1163 3555 1370 3623; x_wconf 87' lang='lat' dir='ltr'><strong>hostes,</strong></span> <span class='ocrx_word' id='word_1_288' title='bbox 1392 3565 1611 3613; x_wconf 89' lang='lat' dir='ltr'><strong>nostros</strong></span> <span class='ocrx_word' id='word_1_289' title='bbox 1638 3553 1850 3613; x_wconf 85' lang='lat' dir='ltr'><strong>milites</strong></span> <span class='ocrx_word' id='word_1_290' title='bbox 1892 3553 2209 3613; x_wconf 85' lang='lat' dir='ltr'><strong>alacriores</strong></span> <span class='ocrx_word' id='word_1_291' title='bbox 2247 3554 2325 3611; x_wconf 87' lang='lat' dir='ltr'><strong>ad</strong></span> <span class='ocrx_word' id='word_1_292' title='bbox 2356 3574 2505 3631; x_wconf 79' lang='lat' dir='ltr'><strong>pug..</strong></span> 
     </span>
     <span class='ocr_line' id='line_1_38' title="bbox 519 3644 2505 3723; baseline -0.003 -20"><span class='ocrx_word' id='word_1_293' title='bbox 519 3647 776 3704; x_wconf 88' lang='lat' dir='ltr'><strong>nandum</strong></span> <span class='ocrx_word' id='word_1_294' title='bbox 815 3644 1156 3714; x_wconf 84' lang='lat' dir='ltr'><strong>effecissent,</strong></span> <span class='ocrx_word' id='word_1_295' title='bbox 1187 3655 1359 3722; x_wconf 86' lang='lat' dir='ltr'><strong>atque</strong></span> <span class='ocrx_word' id='word_1_296' title='bbox 1386 3647 1645 3705; x_wconf 87' lang='lat' dir='ltr'><strong>omnium</strong></span> <span class='ocrx_word' id='word_1_297' title='bbox 1673 3664 1845 3705; x_wconf 83' lang='lat' dir='ltr'><strong>voces</strong></span> <span class='ocrx_word' id='word_1_298' title='bbox 1874 3646 2235 3716; x_wconf 84' lang='lat' dir='ltr'><strong>audirentur,</strong></span> <span class='ocrx_word' id='word_1_299' title='bbox 2262 3664 2505 3723; x_wconf 69' lang='lat' dir='ltr'><strong>exspec.</strong></span> 
     </span>
     <span class='ocr_line' id='line_1_39' title="bbox 520 3733 2509 3809; baseline 0.002 -20"><span class='ocrx_word' id='word_1_300' title='bbox 520 3734 631 3790; x_wconf 88' lang='lat' dir='ltr'><strong>tari</strong></span> <span class='ocrx_word' id='word_1_301' title='bbox 673 3734 890 3790; x_wconf 88' lang='lat' dir='ltr'><strong>diutius</strong></span> <span class='ocrx_word' id='word_1_302' title='bbox 932 3750 1046 3789; x_wconf 90' lang='lat' dir='ltr'><strong>non</strong></span> <span class='ocrx_word' id='word_1_303' title='bbox 1083 3743 1361 3807; x_wconf 85' lang='lat' dir='ltr'><strong>oportere,</strong></span> <span class='ocrx_word' id='word_1_304' title='bbox 1390 3735 1533 3809; x_wconf 89' lang='lat' dir='ltr'><strong>quin</strong></span> <span class='ocrx_word' id='word_1_305' title='bbox 1574 3733 1647 3791; x_wconf 77' lang='lat' dir='ltr'><strong>ad</strong></span> <span class='ocrx_word' id='word_1_306' title='bbox 1686 3743 1879 3793; x_wconf 84' lang='lat' dir='ltr'><strong>castra</strong></span> <span class='ocrx_word' id='word_1_307' title='bbox 1926 3734 2126 3804; x_wconf 88' lang='lat' dir='ltr'><strong>iretur,</strong></span> <span class='ocrx_word' id='word_1_308' title='bbox 2172 3735 2509 3793; x_wconf 79' lang='lat' dir='ltr'><strong>cohortatus</strong></span> 
     </span>
     <span class='ocr_line' id='line_1_40' title="bbox 523 3819 2319 3893; baseline 0.003 -17"><span class='ocrx_word' id='word_1_309' title='bbox 523 3836 675 3886; x_wconf 84' lang='lat' dir='ltr'><strong>suos,</strong></span> <span class='ocrx_word' id='word_1_310' title='bbox 703 3819 968 3876; x_wconf 87' lang='lat' dir='ltr'><strong>omnibus</strong></span> <span class='ocrx_word' id='word_1_311' title='bbox 993 3820 1379 3893; x_wconf 86' lang='lat' dir='ltr'><strong>cupientibus,</strong></span> <span class='ocrx_word' id='word_1_312' title='bbox 1406 3820 1481 3877; x_wconf 87' lang='lat' dir='ltr'><strong>ad</strong></span> <span class='ocrx_word' id='word_1_313' title='bbox 1508 3821 1757 3879; x_wconf 89' lang='lat' dir='ltr'><strong>hostium</strong></span> <span class='ocrx_word' id='word_1_314' title='bbox 1784 3830 1980 3881; x_wconf 84' lang='lat' dir='ltr'><strong>castra</strong></span> <span class='ocrx_word' id='word_1_315' title='bbox 2004 3822 2319 3883; x_wconf 85' lang='lat' dir='ltr'><strong>contendit.</strong></span> 
     </span>
    </p>
   </div>
  </div>
 </body>
</html>
