2709 4300
204 300 323 346 Cn·
338 305 415 355 2⁵.
430 299 529 354 ml
972 301 1169 348 LIBER
1214 301 1552 350 SEPTIMUS,
2195 295 2308 352 141

202 447 403 496 erunt.
490 436 699 502 Quum
764 437 817 494 is
884 455 1121 496 murum
1176 439 1424 498 hostium
1482 455 1664 514 paene
1719 439 2092 517 contingeret,
2149 449 2208 500 et

201 526 431 584 Caesar
474 526 547 584 ad
586 544 733 602 opus
772 527 1189 584 consuetudine
1230 529 1564 597 excubaret,
1595 528 1920 604 militesque
1949 531 2203 588 cohorta-

202 627 391 685 retur,
435 635 513 674 ne
552 615 705 690 quod
744 617 977 673 omnino
1034 625 1263 692 tempus
1318 617 1394 673 ab
1451 635 1624 693 opere
1686 618 2198 692 intermitteretur3

202 706 387 782 paulo
416 715 551 762 ante
591 706 821 762 tertiam
864 706 1127 782 vigiliam
1168 715 1257 764 est
1295 706 1786 775 animadversum,
1831 705 2056 766 fumare
2103 728 2200 786 ag-

200 812 429 870 gerem,
460 813 637 869 quem
664 794 941 852 cuniculo
980 794 1173 852 hostes
1212 794 1674 852 succenderant:
1717 795 2034 872 eodemque
2063 807 2200 854 tem·
2227 806 2266 860 5

201 901 343 958 porc
387 893 503 940 toto
544 900 713 938 muro
752 883 1009 940 clamore
1063 884 1307 953 sublate,
1350 883 1578 942 duabus
1623 885 1802 960 portis
1843 886 1917 942 ab
1959 895 2201 962 utroque

202 971 393 1030 latere
420 973 671 1028 turrium
698 973 923 1048 eruptio
950 973 1145 1030 fiebat.
1228 973 1357 1030 Alii
1386 972 1546 1032 faces
1573 984 1751 1048 atque
1775 975 2000 1032 aridam
2023 989 2198 1034 mate·

200 1062 353 1118 riem
416 1062 489 1120 de
552 1079 719 1120 muro
778 1062 839 1118 in
898 1080 1172 1138 aggerem
1230 1064 1458 1120 eminus
1494 1063 1808 1138 jaciebant,
1861 1066 2049 1142 picem
2099 1065 2199 1122 alii

198 1150 579 1224 reliquasque
620 1167 733 1220 res,
761 1151 971 1226 quibus
1009 1153 1161 1227 ignis
1196 1153 1440 1210 excitari
1482 1162 1680 1228 potest,
1712 1152 2068 1226 fundebant3
2116 1165 2196 1224 ut,

194 1259 319 1314 quo
361 1241 615 1316 primum
654 1251 1079 1309 occurreretur,
1110 1251 1213 1300 aut
1236 1242 1337 1298 cui
1365 1243 1452 1298 rei
1480 1241 1730 1299 ferretur
1767 1243 2068 1313 auxilium,
2099 1244 2196 1300 vix
2227 1249 2302 1306 10

194 1330 353 1386 ratio
376 1329 511 1385 iniri
542 1338 749 1404 posset.
834 1328 1081 1398 Tamen,
1100 1329 1251 1404 quod
1278 1331 1542 1388 instituto
1571 1330 1842 1388 Caesaris
1869 1331 2018 1388 duae
2047 1351 2194 1406 sem-

194 1435 305 1494 per
332 1418 593 1494 legiones
620 1436 723 1493 pro
749 1418 955 1476 castris
981 1419 1366 1488 excubabant,
1389 1419 1702 1494 pluresque
1733 1420 1954 1494 partitis
1981 1429 2194 1496 tempo·

192 1508 363 1563 ribus
390 1517 557 1564 erant
584 1508 645 1564 in
672 1525 863 1583 opere,
893 1507 1163 1566 celeriter
1190 1506 1412 1565 factum
1440 1517 1544 1575 est,
1576 1517 1640 1564 ut
1667 1507 1767 1564 alii
1803 1509 2196 1584 eruptionibus

194 1597 553 1665 resisterent,
600 1596 701 1652 alii
744 1606 931 1654 turres
976 1596 1341 1664 reducerent,
1385 1613 1776 1674 aggeremque
1821 1596 2194 1655 interscinde-

194 1696 349 1754 rent,
376 1687 563 1742 omnis
590 1704 727 1753 vero
754 1703 827 1742 ex
856 1686 1061 1744 castris
1096 1685 1406 1753 multitudo
1445 1685 1518 1744 ad
1559 1685 2033 1762 restinguendum
2061 1681 2192 1744 con-
2226 1694 2298 1748 15

194 1786 485 1834 curreret.

281 1865 476 1922 XXV.
536 1865 739 1930 Quum
786 1867 847 1922 in
894 1867 1161 1925 omnibus
1208 1867 1370 1936 locis,
1415 1876 1756 1942 consumpta
1797 1866 1921 1942 jam
1968 1868 2194 1944 reliqua

198 1964 363 2030 parte
403 1955 605 2023 noctis,
650 1965 1027 2032 pugnaretur,
1069 1975 1412 2032 semperque
1453 1956 1710 2014 hostibus
1747 1975 1878 2033 spes
1919 1958 2192 2016 victoriae

202 2044 709 2120 redintegraretur,
768 2063 841 2102 eo
900 2046 1105 2120 magis,
1162 2045 1314 2120 quod
1371 2045 1602 2106 deustos
1657 2045 1880 2123 pluteos
1939 2048 2190 2106 turrium

196 2131 489 2202 videbant,
508 2153 619 2191 nec
638 2132 809 2193 facile
832 2133 991 2191 adire
1012 2143 1236 2211 apertos
1256 2133 1329 2191 ad
1350 2134 1752 2209 auxiliandum
1769 2135 2186 2195 animadverte·
2213 2137 2296 2195 20

195 2223 335 2281 bant
354 2243 373 2295 3
406 2242 749 2299 semperque
765 2224 875 2299 ipsi
892 2234 1155 2281 recentes
1170 2222 1412 2283 defessis
1427 2224 1824 2294 succederent,
1842 2244 2189 2303 omnemque

196 2312 433 2371 Galliae
452 2312 704 2371 salutem
720 2312 897 2371 inille
914 2314 1155 2388 vestigio
1175 2315 1448 2389 temporis
1469 2316 1707 2389 positam
1731 2313 2148 2371 arbitrarentur
2165 2334 2185 2386 ;

190 2402 429 2471 accidit,
458 2402 912 2477 inspectantibus
954 2403 1135 2470 nobis,
1166 2402 1335 2477 quod,
1375 2402 1616 2478 dignum
1658 2402 1944 2471 memoria·
1979 2402 2187 2470 visum,

190 2492 771 2567 praetermittendum
808 2510 921 2548 non
962 2492 1440 2549 existimavimus.
1523 2490 1780 2556 Quidam
1809 2499 1940 2546 ante
1970 2500 2189 2563 portam

188 2581 387 2658 oppidi
418 2581 645 2650 Gallus,
674 2582 779 2655 qui
805 2598 909 2657 per
935 2599 1155 2645 manus,
1170 2582 1294 2637 sevi
1322 2600 1394 2637 ac
1422 2581 1568 2657 picis
1608 2578 1846 2636 traditas
1885 2578 2088 2654 glebas
2127 2579 2188 2635 in
2213 2586 2292 2644 25

182 2672 393 2748 ignem
420 2690 455 2727 e
486 2672 717 2747 regione
746 2671 923 2729 turris
964 2671 1315 2747 projiciebat,
1346 2671 1646 2745 scorpione
1675 2669 1750 2724 ab
1779 2668 1961 2725 latere
1989 2668 2188 2726 dextro

190 2762 479 2836 trajectus
518 2762 995 2836 exanimatusque
1037 2750 1309 2817 concidit.
1393 2757 1572 2815 Hunc
1613 2776 1684 2814 ex
1727 2757 1999 2832 proximis
2039 2776 2190 2815 unus

185 2850 487 2925 jacentem
507 2858 921 2925 transgressus,
942 2846 1146 2907 eodem
1168 2848 1269 2905 illo
1298 2865 1540 2903 munere
1569 2845 1920 2921 fungebatur
1943 2865 1957 2901 ε
1986 2845 2189 2903 eadem

194 2940 421 2997 ratione
468 2939 589 2997 ictu
632 2940 949 3015 scorpionis
990 2939 1317 2995 exanimato
1344 2936 1544 3005 altem,
1575 2936 1856 2994 successit
1884 2935 2102 3003 tertius,
2131 2944 2190 2993 et

195 3030 367 3087 tertio
410 3037 695 3103 quartus;
740 3047 851 3085 nec
892 3029 1053 3103 prius
1094 3027 1195 3085 ille
1232 3036 1319 3085 est
1356 3045 1393 3083 a
1421 3026 1936 3102 propugnatoribus
1964 3042 2190 3081 vacuus
2217 3034 2294 3087 3ο

196 3108 441 3175 relictus
470 3116 653 3184 locus,
673 3135 877 3191 quam,
908 3117 1181 3173 restincto
1222 3133 1454 3192 aggere,
1485 3126 1657 3189 atque
1685 3114 1840 3171 omni
1869 3123 2029 3189 parte
2057 3114 2186 3169 sub-

194 3207 369 3262 motis
397 3206 671 3272 hostibus,
700 3206 837 3261 finis
860 3214 949 3262 est
976 3204 1269 3279 pugnandi
1299 3204 1508 3261 factus.

283 3292 507 3351 XXVI.
553 3292 767 3351 Omnia
810 3294 1031 3369 experti
1077 3292 1257 3360 Galli,
1288 3291 1442 3367 quod
1484 3310 1578 3351 res
1615 3291 1780 3349 nulla
1805 3300 2187 3360 successerat,

82 3383 90 3392 '
198 3392 435 3460 postero·
452 3383 545 3440 die
572 3384 881 3440 consilium
908 3391 1189 3457 ceperunt
1214 3399 1287 3437 ex
1325 3381 1530 3457 oppido
1571 3378 1898 3457 profugere,
1927 3380 2189 3437 hortante

198 3482 259 3529 et
301 3472 541 3547 jubente
586 3470 1082 3549 Vercingetorige.
1166 3470 1249 3539 Id,
1300 3470 1528 3528 silentio
1581 3468 1764 3525 noctis
1819 3470 2026 3537 conati,
2077 3486 2190 3525 non
2219 3479 2296 3533 35

200 3578 417 3637 magna
438 3561 677 3636 jactura
702 3579 941 3617 suorum
982 3580 1111 3617 sese
1150 3559 1458 3617 effecturos
1497 3557 1846 3633 sperabant3
1891 3566 2192 3632 propterea

200 3650 355 3725 quod
398 3668 591 3724 neque
632 3649 803 3725 longe
846 3650 919 3705 ab
958 3648 1161 3724 oppido
1190 3658 1382 3705 castra
1409 3645 1904 3722 Vercingetorigis
1931 3646 2190 3714 aberant,

200 3748 261 3795 et
302 3738 471 3813 palus
513 3748 811 3813 perpetua,
841 3756 991 3812 quae
1031 3736 1438 3811 intercedebat,
1471 3734 1760 3803 Romanos
1789 3733 1860 3792 ad
1887 3734 2190 3808 insequen-

200 3826 345 3885 dum
370 3825 653 3885 tardabat.
678 3890 693 3901 ,
734 3824 983 3901 Jamque
1012 3826 1121 3885 hoc
1160 3824 1355 3884 facere
1395 3833 1569 3883 noctu
1611 3824 1980 3899 apparabant,
2009 3838 2192 3899 quum
