2709 4300
434 255 557 316 lm
1134 267 1223 314 nu
1256 265 1468 316 mmm
1503 263 1788 316 canum
2211 269 2352 323 [cn.
2366 275 2546 318 20-22.

526 402 767 464 dilecto·
790 421 919 464 ene
946 405 1259 475 constabat,
1284 406 1458 482 justis
1483 404 1784 464 funeribus
1809 404 2110 476 confectb,
2141 425 2262 466 una
2287 425 2544 466 crema»

528 493 759 554 bantur.

610 583 743 642 XX.
824 583 999 650 Quae
1040 585 1305 642 civitates
1344 583 1700 642 commodius
1737 601 1906 642 suam
1947 585 2380 660 rempublicam
2429 587 2542 644 ad-

528 672 857 732 ministrare
884 675 1305 742 existimantur,
1334 673 1550 732 habent
1567 673 1796 749 legibus
1823 683 2110 743 nonaum,
2137 675 2190 732 si
2215 675 2354 750 quis
2379 676 2546 751 quiri

464 765 505 822 ὅ
528 761 601 818 de
642 761 941 838 republica
980 779 1017 818 a
1064 761 1323 820 finitimis
1369 779 1600 820 rumore
1643 779 1716 820 ac
1763 760 1920 820 fama
1961 765 2269 838 occeperit,
2313 765 2402 822 uti
2457 765 2538 822 ad

530 852 931 928 magistratum
956 849 1215 924 deferat3
1256 869 1408 908 neve
1435 869 1574 910 cum
1599 870 1714 926 quo
1753 850 1870 908 alio
1895 853 2324 925 communicet3
2367 853 2540 928 quod

528 957 701 1016 saepe
744 939 1005 1000 homines
1047 941 1386 998 temerarios
1427 950 1602 1015 etque
1645 939 1938 1016 imperitos
1985 938 2146 998 falsis
2187 943 2542 1000 rumoribus

526 1029 753 1098 terreri,
784 1038 841 1087 et
866 1027 941 1086 ad
972 1027 1201 1086 facinus
1240 1029 1482 1104 impelli,
1509 1039 1568 1086 et
1593 1028 1666 1086 de
1705 1029 1950 1087 summis
1989 1029 2164 1090 rebus
2205 1030 2542 1088 consilium

528 1135 739 1194 capere
764 1119 1059 1195 cognitum
1088 1127 1195 1176 est.
1280 1115 1676 1195 Magistratus,
1695 1135 1848 1192 quae
1867 1118 1992 1174 visa
2009 1129 2162 1188 sunt,
2181 1118 2534 1192 occultant3

430 1209 507 1266 10
527 1225 795 1283 quaeque
836 1225 967 1266 em
1008 1226 1081 1266 ex
1124 1226 1235 1266 usu
1272 1207 1682 1284 judicaverint,
1727 1206 2078 1266 multitudini
2123 1207 2408 1284 produnt:
2457 1209 2538 1266 de

412 1327 427 1342 ·
530 1297 847 1374 republica,
874 1297 987 1355 nisi
1014 1316 1119 1374 per
1144 1297 1480 1366 concilium,
1508 1297 1666 1372 loqui
1691 1315 1808 1354 non
1833 1295 2188 1355 conceditur.

612 1387 775 1446 xxl.
840 1387 1123 1446 Germani
1168 1387 1420 1445 multum
1463 1380 1536 1444 ab
1579 1388 1692 1446 hac
1737 1386 2154 1444 consuetudine
2203 1386 2490 1447 differunt
2513 1410 2532 1448 t

530 1495 667 1536 nam
694 1495 883 1554 neque
910 1476 1163 1536 Druides
1190 1477 1420 1546 habent,
1447 1477 1548 1552 qui
1579 1477 1751 1534 rebus
1777 1475 1988 1534 divinis
2010 1476 2298 1552 praes-inu
2329 1496 2532 1554 neque

530 1567 835 1626 sacrificiis
860 1566 1109 1624 student.
1192 1565 1454 1624 Deorum
1493 1583 1735 1624 numero
1773 1559 1873 1624 eos
1915 1564 2066 1622 solos
2103 1564 2348 1636 ducunt,
2375 1585 2530 1644 quos

432 1657 507 1714 15
530 1664 795 1725 cernunt,
836 1665 895 1714 et
934 1673 1182 1731 quorum
1228 1665 1426 1732 aperte
1461 1655 1668 1730 opibus
1701 1655 2002 1730 juvantur,
2031 1653 2246 1726 Solem,
2283 1666 2344 1714 et
2373 1655 2526 1714 Vul-

530 1763 765 1814 canum,
812 1755 869 1803 et
914 1743 1185 1804 Lunam:
1237 1744 1492 1820 reliquos
1533 1762 1606 1800 ne
1657 1743 1812 1802 fama
1857 1743 2090 1819 quidem
2141 1757 2522 1820 acceperunt.

532 1834 673 1892 Vita
697 1835 885 1892 omnis
904 1835 964 1892 in
994 1834 1390 1898 venationibus
1431 1843 1602 1909 atque
1631 1834 1692 1892 in
1733 1833 1936 1891 studiis
1965 1833 2048 1890 rei
2091 1834 2360 1892 militaris
2385 1853 2522 1892 con-

530 1924 711 1980 sistit:
754 1923 829 1981 ab
854 1923 1325 2004 parvulis‘labori
1359 1941 1432 1980 ac
1459 1923 1706 1980 duritiae
1733 1921 1982 1980 student.
2046 1922 2171 1988 Qui
2197 1922 2524 1982 diutissime

532 2011 878 2087 impuberes
890 2011 1345 2090 permanserunt,
1367 2014 1681 2068 maximam
1703 2012 1852 2068 inter
1879 2031 2016 2070 suos
2039 2011 2232 2069 ferunt
2251 2011 2488 2072 laudem
2503 2033 2522 2069 :

426 2101 507 2159 20
532 2099 641 2159 hoc
669 2102 747 2159 ali
776 2111 1077 2171 staturam,
1108 2101 1185 2159 ali
1215 2101 1323 2159 hoc
1352 2101 1524 2170 vires,
1553 2119 1876 2177 nervosque
1914 2100 2265 2171 confirmari,
2295 2110 2518 2177 putant.

530 2190 689 2249 Intra
730 2210 949 2258 annum
978 2210 1117 2249 vero
1144 2192 1489 2248 vicesimum
1533 2188 1782 2248 feminae
1827 2190 2086 2248 notitiam
2126 2190 2414 2260 habuisse,
2461 2192 2522 2249 in

527 2281 875 2357 turpissimis
897 2258 1111 2337 habent
1140 2280 1351 2337 rebus:
1395 2280 1568 2356 eujus
1597 2279 1682 2337 rei
1709 2278 1870 2337 nulla
1899 2289 1987 2337 est
2011 2279 2338 2349 occultatio,
2365 2280 2522 2354 quod

527 2381 589 2429 et
618 2370 941 2446 promiscue
970 2371 1029 2425 in
1060 2369 1396 2426 fluminibus
1438 2369 1802 2445 perluuntur,
1831 2378 1889 2425 et
1918 2368 2168 2444 pellibus
2195 2378 2298 2427 aut
2325 2370 2522 2444 parvis

532 2460 851 2517 rhenonum
878 2459 1229 2536 tegumentis
1258 2468 1518 2527 utuntur,
1551 2476 1763 2534 magna
1789 2458 2044 2533 corporis
2071 2468 2232 2533 parte
2261 2457 2438 2515 nuda.

428 2552 509 2606 2⁵
616 2546 805 2605 XXII.
869 2547 1289 2623 Agriculturae
1334 2564 1448 2604 non
1493 2546 1766 2618 student;
1811 2548 2110 2622 majorque
2157 2565 2292 2622 pars
2333 2547 2522 2605 victus

532 2654 732 2695 eorum
760 2638 821 2693 in
860 2635 1031 2705 lacte,
1062 2654 1249 2705 caseo,
1294 2654 1470 2693 carne
1499 2635 1756 2693 consistit
1779 2655 1804 2697 z.
1839 2654 2026 2711 neque
2055 2636 2363 2712 quisquam
2391 2638 2520 2713 agri

534 2726 765 2783 modum
794 2734 1017 2783 certum
1060 2735 1159 2783 aut
1200 2725 1347 2783 fines
1375 2725 1546 2783 habet
1585 2725 1841 2799 proprios
1859 2744 1877 2796 3
1923 2723 2025 2781 sed
2050 2725 2422 2801 magistratus
2450 2744 2520 2783 ac

534 2816 825 2893 principes
851 2816 910 2871 in
942 2833 1121 2871 annos
1162 2813 1432 2890 singulos·
1461 2814 1733 2889 gentibus
1759 2814 2312 2890 cognationibusque
2343 2814 2516 2872 homi-

534 2924 693 2973 num,
724 2905 823 2980 qui
852 2922 971 2961 una
998 2908 1277 2973 coierunt,
1306 2914 1610 2979 quantum,
1639 2912 1696 2959 et
1733 2922 1848 2978 quo
1889 2902 2016 2960 loco
2043 2904 2232 2959 visum
2261 2912 2365 2973 est,
2395 2905 2519 2980 agri

432 3000 511 3057 30
536 2994 869 3062 attribuunt,
900 3002 1075 3067 etque
1118 3010 1271 3049 anno
1314 3001 1438 3068 post
1481 2992 1596 3049 alio
1635 2993 1882 3049 transire
1927 3001 2162 3068 cogunt.
2247 2991 2396 3067 Ejus
2435 2993 2519 3050 rei

535 3084 749 3143 multas
778 3080 1023 3139 afferunt
1050 3100 1261 3139 causas
1284 3101 1300 3153 3
1346 3099 1441 3149 ne,
1473 3080 1706 3139 assidua
1745 3080 2162 3139 consuetudine
2203 3082 2375 3156 capti,
2403 3092 2514 3139 stu-

534 3174 694 3231 dium
746 3172 883 3231 belli
930 3170 1177 3247 gerundi
1224 3171 1584 3247 agricultura
1633 3180 2024 3240 commutent3
2069 3188 2142 3227 ne
2189 3169 2334 3227 latos
2372 3170 2512 3228 fines

538 3280 743 3339 parare
770 3261 1057 3330 studeant,
1090 3260 1547 3335 potentioresque
1578 3259 1912 3317 humiliores
1947 3258 2394 3335 possessionibus
2419 3248 2511 3316 ex-

538 3351 791 3428 pellant3
855 3368 929 3407 ne
979 3350 1331 3417 accuratiuS,
1385 3348 1463 3405 nd·
1507 3346 1724 3424 frigora
1773 3358 1948 3422 atque
2003 3358 2197 3405 aestus
2245 3347 2512 3419 vitandos,

436 3448 511 3503 35
538 3440 879 3510 aedificent;
946 3457 1019 3495 ne
1068 3456 1185 3514 qua
1228 3438 1450 3495 oriatur
1492 3438 1774 3513 pecuniae
1817 3435 2122 3511 cupiditas,
2167 3455 2286 3511 qua
2339 3455 2409 3495 ex
2455 3456 2514 3495 re

536 3529 815 3587 factiones
842 3527 1337 3601 dissensionesque
1373 3536 1730 3597 nascuntur3
1777 3534 1840 3583 ut
1881 3526 2062 3583 animi
2089 3526 2372 3599 aequitate
2397 3525 2510 3600 ple-

538 3618 669 3670 bem
696 3615 1042 3681 contineant,
1086 3632 1269 3689 quum
1310 3632 1449 3671 suas
1491 3614 1738 3689 quisque
1775 3632 1912 3689 opes
1953 3632 2092 3671 cum
2119 3612 2511 3689 potentissimis

540 3700 779 3770 aequari
807 3698 1015 3754 videat.

624 3780 841 3837 XXIII.
884 3781 1227 3839 Civitatibus
1255 3789 1512 3852 maxima
1552 3788 1684 3854 laus
1721 3800 1823 3861 est,
1853 3810 2031 3866 quam
2073 3791 2380 3855 latissimas
2405 3792 2511 3847 cir-
