2709 4300
491 289 578 350 22
1198 293 1284 340 DE
1327 291 1539 340 mm
1570 292 1856 340 GALLICO
2260 292 2395 344 [Car.
2416 298 2489 347 19,
2504 299 2579 340 2⁰.

592 436 756 493 norix
785 431 1098 510 praeerat,)
1137 447 1340 489 eorum
1386 431 1529 508 fuga
1572 431 1863 508 reliquum
1908 449 2035 488 esse
2080 430 2404 506 equitatum
2448 449 2579 507 per.

591 525 877 583 territum.

673 612 834 672 XIX.
879 611 1114 678 Quibus
1161 612 1338 670 rebus
1380 611 1643 688 cognitis,
1694 627 1877 686 quum
1932 610 2005 668 ad
2060 611 2167 668 has
2220 609 2582 686 suspiciones

589 704 948 762 certissimae
975 706 1069 760 res
1097 701 1460 772 accederent,
1498 702 1651 777 quod
1694 720 1797 779 per
1824 702 1973 760 fines
1998 701 2405 778 Sequanorum
2434 699 2581 760 Hel·
2660 731 2662 736 ·

527 807 566 861 5
591 795 772 852 vetios
817 793 1184 862 traduxisset,
1229 790 1381 867 quod
1424 792 1649 850 obsides
1696 793 1846 850 inter
1884 811 1985 850 eos
2026 791 2247 850 dandos
2292 803 2578 862 curmet,

589 884 742 960 quod
769 902 842 941 ea
869 882 1080 951 omnia,
1109 899 1224 938 non
1266 881 1433 940 modo
1470 882 1699 957 injussu
1740 901 1849 940 suo
1888 891 1946 940 et
1972 882 2243 950 civitatis,
2270 881 2375 940 sed
2400 883 2579 940 etiam

589 972 966 1031 inscientibus
994 971 1133 1048 ipsis
1163 970 1411 1040 fecisset,
1434 970 1585 1046 quod
1608 989 1643 1028 a
1664 972 2006 1048 magistratu
2029 970 2373 1028 Aeduorum
2400 989 2578 1030 accu-

587 1071 856 1135 saretur3
901 1062 1040 1120 satis
1079 1079 1208 1120 esse
1247 1079 1465 1120 causae
1512 1062 1917 1131 arbitrabatur,
1960 1079 2145 1138 quare
2190 1062 2253 1120 in
2292 1079 2435 1120 eum
2478 1071 2581 1120 aut

587 1153 712 1228 ipse
767 1151 1266 1220 animadverteret,
1323 1161 1427 1208 aut
1472 1151 1765 1209 civitatem
1816 1151 2277 1210 animadvertere
2320 1151 2577 1226 juberet.

491 1253 565 1308 ιο
591 1241 704 1300 His
727 1241 996 1300 omnibus
1037 1241 1212 1300 rebus
1253 1257 1437 1297 unum
1467 1242 1845 1317 repugnabat,
1872 1241 2029 1317 quod
2056 1239 2339 1299 Divitiaci
2382 1239 2581 1300 fratris

587 1349 886 1389 summum
932 1331 992 1388 in
1042 1330 1327 1407 Populum
1376 1330 1703 1388 Romanum
1748 1331 2023 1402 studium,
2070 1347 2365 1388 summam
2412 1331 2475 1388 in
2516 1350 2580 1390 se

589 1421 961 1491 voluntatem,
989 1421 1288 1498 egregiam
1315 1419 1511 1491 fidem,
1549 1421 1857 1496 justitiam,
1886 1421 2325 1498 temperantiam
2366 1439 2578 1498 cogno-

589 1521 791 1570 verat:
833 1529 990 1582 nam,
1019 1529 1092 1568 ne
1136 1511 1266 1586 ejus
1309 1510 1595 1588 supplicio
1622 1509 1899 1569 Divitiaci
1942 1511 2201 1570 animum
2240 1509 2579 1581 offenderet,

589 1602 922 1660 verebatur.
1007 1600 1230 1677 ltaque,
1261 1601 1601 1677 priusquam
1636 1600 1951 1677 quidquam
1976 1611 2304 1672 conaretur,
2334 1599 2577 1658 Divitia-

490 1701 564 1757 15
589 1710 727 1752 cum
756 1691 828 1749 ad
855 1710 920 1749 se
941 1691 1140 1748 vocari
1162 1689 1366 1766 jubet;
1412 1700 1487 1761 et,
1514 1691 1863 1765 quotidianis
1888 1690 2299 1767 interpretibus
2326 1692 2577 1760 remotis,

592 1800 696 1858 per
735 1781 805 1838 C.
852 1780 1160 1838 Valerium
1204 1778 1540 1850 Procillum,
1586 1781 1907 1857 principem
1948 1780 2183 1839 Galliae
2224 1781 2577 1857 provinciae,

593 1869 940 1934 familiarem
983 1887 1176 1937 suum,
1205 1869 1305 1926 cui
1343 1875 1633 1928 summam
1660 1871 1919 1928 omnium
1960 1887 2155 1928 rerum
2201 1867 2377 1928 fidem
2404 1871 2576 1928 habe-

590 1958 706 2028 bat,
751 1975 888 2016 cum
935 1977 1006 2016 eo
1053 1957 1436 2032 colloquitur:
1498 1959 1675 2016 simul
1726 1959 2185 2029 commonefacit,
2234 1977 2407 2035 quae,
2458 1959 2579 2036 ipso

549 2067 556 2072 ·
591 2056 910 2123 praesente,
937 2047 998 2104 in
1025 2050 1274 2107 concilio
1313 2048 1623 2107 Gallorum
1664 2049 1735 2106 de
1764 2047 2124 2127 Dumnorige
2164 2048 2279 2108 sint
2304 2048 2479 2119 dicta,
2522 2061 2581 2108 et

487 2145 566 2205 20
589 2135 852 2208 ostendit,
880 2155 1032 2213 quae
1061 2139 1370 2215 separatim
1396 2139 1643 2215 quisque
1668 2138 1743 2198 de
1780 2158 1850 2198 eo
1878 2138 2031 2216 apud
2058 2159 2121 2198 se
2148 2138 2397 2199 dixerit:
2441 2141 2581 2217 petit

593 2237 764 2303 atque
805 2228 1080 2297 hortatur,
1111 2238 1176 2287 ut
1215 2230 1340 2286 sine
1378 2228 1507 2305 ejus
1558 2228 1871 2287 offensione
1899 2229 2081 2286 animi
2111 2229 2205 2288 vel
2236 2230 2361 2305 ipse
2388 2229 2461 2287 de
2488 2249 2577 2300 ec,

591 2335 772 2375 causa
799 2318 1047 2393 cognita,
1077 2326 1310 2387 statuat,
1339 2317 1434 2375 vel
1465 2318 1761 2376 civitatem
1788 2327 2045 2376 statuere
2066 2318 2297 2393 jubeat.

672 2406 806 2466 XX.
853 2405 1182 2465 Divitiacus
1209 2406 1409 2465 multis
1436 2425 1573 2465 cum
1594 2408 1919 2485 lachrymis
1944 2406 2261 2467 Caesarem
2288 2408 2580 2486 complex-

592 2514 664 2553 us
707 2496 1016 2555 obsecrare
1055 2498 1262 2574 coepit,
1293 2498 1391 2555 Ne
1432 2496 1572 2572 quid
1600 2499 1841 2575 gravius
1878 2498 1939 2555 in
1978 2496 2215 2555 fratrem
2259 2507 2581 2557 statueret:

487 2598 564 2653 25
590 2586 742 2645 scire
769 2606 832 2644 se
860 2587 966 2645 illa
991 2603 1120 2645 esse
1157 2606 1336 2660 vera3
1383 2606 1493 2647 nec
1526 2606 1860 2665 quenquam
1900 2608 1975 2646 ex
2014 2608 2081 2647 eo
2109 2590 2257 2666 plus,
2288 2609 2465 2665 quam
2494 2610 2578 2661 se,

587 2675 802 2735 doloris
841 2694 1070 2754 capere,
1101 2687 1401 2754 propterea
1441 2678 1611 2753 quod,
1642 2697 1823 2753 quum
1862 2679 1985 2755 ipse
2024 2680 2215 2757 gratia
2262 2680 2577 2755 plurimum

589 2764 742 2823 domi
769 2775 942 2843 atque
962 2767 1024 2823 in
1053 2767 1278 2843 reliqua
1297 2767 1515 2838 Gallia,
1534 2766 1635 2825 ille
1664 2768 1967 2825 minimum
1996 2778 2226 2845 propter
2246 2768 2575 2828 adolescen-

589 2856 728 2913 tiam
757 2866 964 2933 posset,
993 2874 1098 2932 per
1137 2876 1200 2914 se
1245 2858 1559 2915 crevisset:
1600 2857 1815 2933 quibus
1856 2857 2061 2934 opibus
2106 2877 2177 2916 ac
2218 2860 2433 2929 nervis,
2463 2878 2577 2918 non

589 2944 777 3003 solum
805 2944 876 3002 ad
905 2945 1278 3003 minuendam
1299 2948 1567 3023 gratiam,
1596 2947 1703 3005 sed
1734 2966 1918 3024 paene
1960 2947 2032 3005 ad
2061 2948 2379 3025 perniciem
2406 2966 2579 3006 suam

485 3050 564 3105 30
591 3033 888 3093 uteretur:
929 3052 1056 3091 sese
1083 3044 1278 3093 tamen
1305 3046 1365 3093 et
1392 3055 1587 3094 amore
1612 3036 1867 3095 fraterno
1884 3046 1945 3095 et
1964 3038 2383 3096 existimatione
2410 3040 2577 3116 vulgi

589 3126 960 3183 commoveri.
1045 3125 1218 3190 Quod
1245 3126 1298 3183 si
1337 3126 1477 3201 quid
1506 3128 1562 3185 ei
1607 3145 1644 3184 a
1669 3127 1925 3186 Caesare
1966 3130 2209 3205 gravius
2248 3129 2575 3200 accidisset,

587 3232 768 3290 quum
797 3214 919 3291 ipse
947 3232 1082 3273 eum
1111 3213 1304 3273 locum
1333 3216 1625 3275 amicitiae
1668 3218 1821 3293 apud
1850 3235 1984 3275 eum
2013 3227 2253 3288 teneret,
2283 3220 2575 3277 neminem

588 3305 1070 3375 existimaturum,
1115 3322 1230 3362 non
1274 3322 1385 3362 sua
1412 3306 1707 3365 voluntate
1754 3306 2012 3367 factum:
2052 3326 2172 3383 qua
2210 3326 2286 3367 ex
2328 3326 2392 3365 re
2422 3308 2575 3367 sutu-

589 3411 739 3463 rum,
764 3394 848 3451 uti
875 3394 1046 3452 totius
1069 3393 1300 3453 Galliae
1328 3396 1511 3453 animi
1538 3415 1575 3453 a
1600 3415 1664 3455 se
1692 3407 2113 3457 averterentur.
2196 3397 2367 3457 Haec
2391 3418 2577 3474 quum

484 3494 562 3550 35
589 3481 854 3558 pluribus
881 3484 1072 3541 verbis
1099 3484 1244 3541 flens
1271 3503 1308 3542 a
1334 3484 1589 3543 Caesare
1632 3496 1869 3563 peteret,
1898 3487 2118 3547 Caesar
2144 3486 2273 3563 ejus
2314 3486 2577 3547 dextram

587 3571 850 3647 prendit:
909 3573 1238 3631 consolatus
1293 3584 1475 3651 rogat,
1524 3575 1703 3633 finem
1748 3576 1951 3634 orandi
2002 3574 2211 3635 faciat:
2254 3579 2399 3635 tanti
2446 3578 2579 3655 ejus

587 3661 740 3738 apud
769 3680 830 3719 se
857 3663 1108 3738 gratiam
1137 3681 1264 3721 esse
1308 3662 1573 3735 ostendit,
1604 3666 1687 3723 uti
1716 3676 1773 3724 et
1802 3665 2183 3742 Reipublicae
2212 3666 2491 3743 injuriam
2520 3679 2580 3728 et

587 3766 772 3807 suum.
787 3749 1039 3809 dolorem
1069 3750 1198 3825 ejus
1227 3753 1507 3811 voluntati
1536 3774 1609 3812 ac
1638 3756 1907 3829 precibus
1928 3756 2228 3815 condonet.
2314 3756 2577 3818 Dumno-

589 3836 772 3912 rigem
801 3836 872 3895 ad
899 3857 962 3897 se
993 3848 1198 3911 vocat:
1243 3838 1481 3899 fratrem
1510 3842 1742 3902 adhibet
1765 3862 1784 3917 3
1828 3846 2060 3919 quaein
2082 3865 2153 3905 eo
2170 3847 2575 3923 reprehendat,
