2709 4300
413 207 502 270 44
1129 215 1216 262 ns
1253 213 1465 264 snam
1500 215 1785 264 cannot,
2252 217 2386 271 [ou.
2406 223 2503 267 a.

597 351 703 412 v1.
767 353 868 412 Ab
907 353 998 412 his
1039 353 1248 412 castris
1289 352 1563 430 oppidum
1608 353 1945 424 Remorum,
1986 354 2219 412 nomine
2260 353 2501 424 Bibrax,

515 443 716 502 aberat
761 443 948 500 millia
1001 460 1278 518 passuum
1326 461 1461 502 vm.
1544 443 1609 502 Id
1656 463 1731 502 ex
1776 444 1981 502 itinere
2024 461 2237 518 magno
2280 445 2501 519 impetu

517 529 736 608 Belgae
763 549 1096 608 oppugnare
1123 543 1459 607 coeperunt.
1542 533 1743 610 Aegre
1770 549 1841 592 eo
1865 533 1959 590 die
1986 541 2371 590 sustentatum
2392 543 2497 590 est.

519 619 824 681 Gallorum
851 620 1072 690 eadem,
1095 631 1270 696 atque
1291 621 1627 702 Belgarum,
1648 623 1996 700 oppugnatio
2020 631 2109 680 est
2134 621 2307 680 haec.
2366 621 2497 692 Ubi,

453 715 494 772 ὅ
517 711 898 788 circumjecta
943 710 1308 769 multitudine
1355 711 1654 769 hominum
1702 713 1832 769 totis
1879 711 2197 781 moenibus,
2244 710 2502 786 undique

517 801 740 876 lapides
779 802 840 859 in
883 818 1118 858 murum
1151 800 1276 875 jaci
1315 801 1503 876 coepti
1542 811 1695 870 sunt,
1741 819 2063 876 murusque
2104 798 2501 858 defensoribus

517 889 770 950 nudatus
815 901 934 963 est3
979 889 1264 948 testudine
1307 889 1481 958 facta,
1524 900 1717 966 portas
1762 890 2101 960 succedunt,
2148 907 2501 964 murumque

517 979 826 1040 subruunt.
909 978 1080 1045 Quod
1109 989 1234 1036 tum
1261 977 1435 1036 facile
1464 977 1671 1036 fiebat:
1714 997 1869 1048 nam,
1898 997 2081 1055 quum
2108 989 2268 1036 tanta
2308 979 2501 1036 multi-

517 1069 656 1128 tudo
697 1067 918 1144 lapides
945 1085 1016 1126 ac
1044 1068 1162 1126 tela
1189 1068 1561 1143 conjicerent,
1592 1068 1650 1124 in
1688 1085 1857 1126 muro
1882 1068 2227 1126 consistendi
2256 1077 2502 1144 potestas

419 1161 494 1219 10
517 1167 644 1216 erat
689 1158 858 1216 nulli.
961 1157 1164 1222 Quum
1213 1157 1389 1216 finem
1436 1157 1805 1234 oppugnandi
1852 1175 1963 1216 nox
2013 1155 2261 1226 fecisset,
2310 1155 2503 1214 Iccius

519 1247 760 1318 Remus,
787 1265 1018 1306 summa
1045 1246 1340 1304 nobilitate
1368 1257 1426 1304 et
1452 1248 1643 1324 gratia
1670 1247 1819 1304 inter
1846 1265 1997 1316 suos,
2020 1247 2123 1322 qui
2148 1255 2272 1305 tum
2300 1245 2504 1324 oppido

519 1347 806 1414 praeerat,
837 1355 990 1394 unus
1017 1355 1090 1394 ex
1119 1336 1226 1406 his,
1255 1336 1359 1412 qui
1386 1335 1565 1412 legati
1590 1335 1665 1392 de
1704 1353 1849 1412 pace
1890 1336 1963 1393 ad
1990 1335 2303 1394 Caesarem
2330 1353 2503 1394 vene-

519 1437 666 1497 rant,
695 1426 940 1486 nuncios
967 1425 1040 1484 ad
1069 1443 1208 1484 eum
1237 1426 1423 1494 mittit,
1452 1424 1587 1484 Nisi
1614 1425 1937 1486 subsidium
1962 1425 2073 1482 sibi
2112 1425 2503 1493 submittatur,

519 1535 648 1576 sese
673 1517 892 1575 diutius
917 1516 1204 1574 sustinere
1231 1531 1344 1572 non
1376 1533 1563 1592 posse.

421 1609 496 1668 15
601 1604 736 1665 VII.
782 1605 874 1664 Eo
899 1603 970 1662 de
999 1603 1190 1662 media
1229 1612 1397 1663 nocte
1434 1603 1669 1672 Caesar,
1698 1603 1900 1661 iisdem
1928 1601 2175 1662 ducibus
2214 1621 2373 1672 usus,
2404 1603 2509 1678 qui

521 1695 720 1754 nuncii
749 1693 824 1752 ab
863 1693 1020 1752 Iccio
1047 1703 1340 1762 venerant,
1384 1692 1679 1752 Numidas
1716 1702 1775 1750 et
1814 1692 2021 1750 Cretas
2062 1693 2406 1768 sagittarios,
2448 1702 2510 1749 et

523 1783 838 1840 funditores
883 1781 1160 1840 Baleares
1199 1781 1455 1840 subsidio
1496 1781 1795 1858 oppidanis
1838 1782 2045 1838 mittit:
2108 1791 2359 1856 quorum
2408 1781 2508 1838 ad;

523 1881 700 1930 ventu
739 1881 798 1929 et
826 1871 1044 1941 Remis,
1073 1889 1211 1928 eum
1251 1889 1354 1948 spe
1402 1870 1768 1941 defensionis,
1810 1870 2064 1930 studium
2108 1870 2511 1946 propugnandi

523 1960 786 2028 accessit,
834 1970 892 2018 et
939 1959 1196 2018 hostibus
1241 1959 1449 2018 eadem
1494 1960 1565 2018 de
1613 1979 1793 2018 causa
1840 1955 1971 2036 spes
2018 1959 2275 2036 potiundi
2314 1959 2511 2036 oppidi

418 2053 496 2109 20
523 2049 803 2108 discessit.
887 2047 1108 2124 ltaque,
1149 2049 1441 2126 paulisper
1466 2049 1618 2125 apud
1660 2049 1931 2125 oppidum
1970 2049 2193 2118 morati,
2222 2067 2510 2125 agrosque

525 2137 842 2199 Remorum
869 2137 1216 2215 depopulati,
1245 2139 1513 2199 omnibus
1540 2139 1687 2197 vicis
1728 2137 2143 2215 aedificiisque,
2173 2156 2319 2213 quos
2346 2138 2512 2197 adire

524 2238 800 2307 poterant,
831 2228 1100 2298 incensis,
1133 2228 1204 2287 ad
1231 2238 1427 2287 castra
1454 2228 1725 2287 Caesaris
1762 2228 2030 2285 omnibus
2056 2228 2237 2304 copiis
2276 2237 2511 2285 conten-

523 2318 773 2391 derunt3
819 2329 876 2377 et
904 2318 980 2375 ab
1021 2318 1278 2375 millibus
1318 2336 1597 2395 passuum
1632 2318 1823 2375 minus
1850 2335 1895 2375 11
1922 2327 2117 2375 castra
2156 2326 2512 2393 posuerunt:

523 2426 674 2483 quae
716 2418 926 2476 castra,
959 2416 1021 2464 ut
1063 2406 1220 2463 fumo
1261 2416 1437 2482 atque
1483 2407 1715 2483 ignibus
1754 2406 2209 2482 significabatur,
2258 2406 2515 2483 amplius

419 2506 500 2563 25
526 2496 782 2555 millibus
809 2514 1084 2573 passuum
1113 2513 1224 2556 vm
1251 2495 1314 2553 in
1341 2495 1703 2553 latitudinem
1732 2496 2022 2572 patebant.

607 2583 769 2644 VIII.
811 2585 1031 2643 Caesar
1071 2586 1270 2661 prime,
1301 2594 1359 2643 et
1402 2594 1630 2661 propter
1673 2583 2101 2641 multitudinem
2140 2584 2411 2655 hostiurn,
2454 2596 2517 2643 et

411 2707 420 2713 -
526 2684 754 2751 propter
781 2675 1054 2733 eximiam
1093 2674 1422 2750 opinionem
1452 2675 1699 2744 virtutis,
1730 2672 1945 2751 proelio
1984 2673 2365 2749 supersedere
2398 2683 2515 2733 sta-

527 2765 672 2835 tuit;
716 2763 966 2839 quotidie
1008 2773 1201 2823 tamen
1228 2764 1597 2839 equestribus
1638 2762 1889 2839 proeliis,
1918 2762 2058 2838 quid
2096 2763 2271 2821 hostis
2300 2763 2517 2824 virtute

527 2863 733 2931 posset,
763 2861 820 2909 et
846 2852 982 2927 quid
1005 2854 1180 2909 nostri
1211 2852 1507 2921 auderent,
1526 2852 2025 2911 sollicitationibus
2052 2852 2515 2928 periclitabatur.

421 2950 500 3005 διο
528 2941 642 3001 Ubi
669 2950 892 2999 nostros
917 2959 1031 2999 non
1059 2960 1186 2997 esse
1227 2940 1533 3000 inferiores
1574 2940 1877 3011 intellexit,
1907 2940 2035 2999 loco
2062 2958 2163 3017 pro
2202 2942 2413 2999 castris
2438 2942 2517 3001 ad

527 3032 714 3090 aciem
743 3028 1136 3105 instruendam
1165 3040 1375 3087 natura
1400 3040 1717 3107 opportuno
1756 3038 1929 3106 atque
1966 3030 2207 3102 idone03
2253 3029 2434 3107 (quod
2464 3034 2518 3089 is

525 3121 708 3192 collis,
741 3120 840 3179 ubi
883 3128 1075 3179 castra
1119 3118 1302 3195 posita
1347 3130 1531 3188 erant,
1564 3119 1867 3196 paululum
1908 3138 1983 3176 ex
2024 3119 2259 3194 planitie
2304 3121 2515 3190 editus,

527 3218 752 3269 tantum
779 3209 1060 3267 adversus
1087 3209 1148 3265 in
1185 3206 1549 3266 latitudinem
1592 3209 1841 3285 patebat,
1884 3217 2165 3284 quantum
2210 3208 2325 3266 loci
2354 3211 2518 3268 acies

529 3298 808 3359 instructa
849 3317 1142 3376 occupare
1186 3306 1423 3375 poterat,
1472 3306 1645 3375 atque
1692 3316 1766 3355 ex
1816 3307 2061 3372 utraque
2105 3307 2267 3373 parte
2315 3298 2517 3357 lateris

427 3384 502 3441 85
529 3378 786 3463 dejectus
829 3388 1092 3457 habebat,
1135 3397 1192 3445 et
1231 3386 1474 3444 frontem
1517 3387 1723 3444 leniter
1770 3385 2071 3462 fastigatus
2114 3387 2397 3463 paulatim
2440 3388 2516 3445 ad

529 3476 825 3547 planitiem
867 3476 1112 3553 redibat)
1155 3477 1228 3533 ab
1255 3486 1500 3551 utroque
1535 3475 1715 3533 latere
1744 3476 1873 3551 ejus
1912 3476 2081 3533 collis
2122 3486 2516 3535 transversam

529 3560 738 3621 fossam
777 3562 1014 3623 obduxit
1051 3566 1288 3623 circiter
1331 3582 1607 3641 passuum
1648 3582 1758 3635 ⁰1³3
1804 3574 1863 3621 et
1904 3564 1975 3622 ad
2002 3574 2291 3625 extremas
2326 3565 2517 3624 ‘fossas

529 3651 771 3709 castella
795 3653 1105 3720 constituit,
1135 3652 1330 3725 ibique
1351 3662 1637 3711 tormenta
1652 3653 1977 3723 collocavit,
2000 3672 2091 3723 ne,
2112 3672 2295 3728 quum
2324 3656 2515 3713 aciem

531 3732 912 3802 instruxisset,
934 3752 942 3759 ·
961 3736 1168 3804 hostes,
1219 3738 1371 3810 quod
1418 3750 1645 3797 tantum
1694 3742 2061 3799 multitudine
2110 3752 2393 3817 poterant,
2442 3744 2516 3801 ab
