2709 4300
258 326 372 373 cn.
389 331 462 380 ιε,
481 325 576 380 ιω
1065 325 1256 372 ussa
1284 325 1541 372 ramus.
2256 317 2339 378 37

254 461 668 534 &annuerem
713 471 832 532 aut,
861 462 910 518 si
939 462 996 518 id
1037 463 1228 520 minus
1255 461 1447 532 vellet,
1476 481 1549 520 ex
1574 463 1697 520 suis
1738 463 1941 540 legatis
1982 462 2233 536 aliquem

255 551 330 611 ad
356 569 420 608 se
461 553 728 612 mitteret.
811 550 1189 624 Colloquendi
1233 551 1471 610 Caesari
1508 569 1688 608 causa
1718 552 1841 608 visa
1868 569 1983 608 non
2010 559 2133 622 est;
2178 561 2236 608 et

253 659 326 700 oo
351 642 560 716 magis,
601 639 754 715 qued
795 639 976 715 pridie
1005 639 1136 713 ejus
1171 639 1289 712 diei
1333 638 1613 698 Germani
1652 639 1889 698 retineri
1931 657 2045 698 non
2082 648 2231 714 pote-

253 737 404 797 rant,
435 731 576 804 quin
603 730 664 786 in
691 739 912 787 nostros
938 727 1056 784 tela
1085 728 1455 804 conjicerent.
1540 727 1830 804 Legatum
1856 747 1929 786 ex
1958 728 2079 784 suis
2106 745 2233 784 sese

252 835 488 893 magno
513 835 652 875 cum
696 815 956 892 periculo
1001 815 1076 874 ad
1116 834 1250 874 eum
1291 817 1605 874 missurum
1648 827 1705 872 et
1742 816 2067 874 hominibus
2096 814 2233 874 feris
2259 817 2297 870 5

251 905 617 979 objecturum
669 905 1052 974 existimabat.
1161 905 1701 964 Commodissimum
1756 905 1945 962 visum
2000 913 2103 972 est,
2160 902 2229 960 C.

252 993 568 1052 Valerium
598 993 935 1062 Procillum,
955 992 1024 1050 C.
1055 993 1522 1052 Valeriircaburi
1550 993 1757 1062 filium,
1774 1011 2001 1050 summa
2022 993 2233 1052 virtute

250 1092 310 1140 et
337 1083 696 1140 humanitate
723 1075 1141 1141 adolescentem
1168 1081 1369 1158 (cujus
1398 1092 1560 1157 pater
1586 1100 1633 1142 a*
1650 1081 1718 1140 C.
1750 1081 1989 1140 Valerio
2016 1080 2233 1140 Flacco

251 1172 488 1228 civitate
531 1169 776 1232 donatus
822 1169 970 1244 erat)
1013 1180 1070 1230 et
1121 1181 1348 1247 propter
1393 1171 1565 1228 fidem
1616 1180 1673 1229 et
1720 1180 1949 1246 propter
1996 1170 2233 1246 linguae

253 1259 524 1318 Gallicae
551 1259 869 1328 scientiam,
899 1277 1014 1334 qua
1043 1259 1222 1316 multa
1242 1259 1367 1334 jam
1403 1260 1733 1318 Ariovistus
1758 1259 2072 1335 longinqua
2099 1277 2230 1316 con-
2264 1262 2335 1318 10

251 1347 558 1406 suetudine
597 1347 884 1416 utebatur,
911 1357 968 1407 et
1007 1347 1160 1422 quod
1199 1349 1260 1407 in
1287 1367 1356 1406 eo
1396 1347 1673 1424 peccandi
1704 1347 2013 1408 Germanis
2054 1365 2234 1404 causa

251 1455 364 1494 non
390 1445 562 1505 esset,
590 1435 664 1494 ad
697 1454 834 1494 eum
861 1437 1106 1505 mittere,
1137 1445 1194 1494 et
1235 1435 1318 1492 M.
1351 1435 1637 1503 Mettium,
1667 1436 1768 1510 qui
1796 1435 2035 1510 hospitio
2064 1435 2229 1490 Ario-

253 1525 386 1582 visti
429 1542 570 1582 usus
597 1534 740 1582 erat.
825 1523 936 1582 His
975 1524 1288 1594 mandavit,
1320 1534 1402 1594 ut,
1431 1541 1583 1598 quae
1624 1522 1841 1582 diceret
1882 1523 2229 1590 Ariovistus,

250 1622 668 1689 cognoscerent
713 1621 772 1670 et
813 1612 886 1670 ad
935 1633 996 1670 se
1039 1612 1339 1671 referrent.
1424 1612 1589 1677 Quos
1628 1629 1809 1686 quum
1858 1610 2013 1687 apud
2062 1629 2124 1668 se
2171 1611 2231 1667 >in

251 1703 462 1763 castris
503 1702 832 1766 Ariovistus
871 1701 1278 1776 conspexisset,
1309 1701 1569 1758 exercitu
1606 1718 1711 1756 suo
1752 1708 2069 1776 praesente,
2098 1717 2229 1758 con·
2262 1705 2333 1758 15

251 1791 565 1848 clamavit:
624 1789 784 1856 Quid
825 1790 900 1846 ad
943 1809 1006 1848 se
1057 1787 1366 1848 venirent?
1472 1790 1573 1846 An
1614 1787 1957 1864 speculandi
2004 1788 2229 1848 causa?

251 1879 542 1938 Conantes
569 1879 762 1936 dicere
791 1879 1097 1954 prohibuit,
1125 1889 1182 1934 et
1213 1879 1272 1934 in
1302 1887 1539 1938 catenas
1566 1877 1831 1952 conjecit.

337 1966 611 2026 XLVIII.
657 1965 876 2026 Eodem
905 1965 996 2024 die
1025 1977 1218 2030 castra
1244 1967 1542 2044 promovit,
1571 1976 1628 2025 et
1669 1966 1925 2027 millibus
1953 1984 2226 2043 passuum

251 2074 356 2114 sex
399 2073 434 2114 a
481 2055 748 2114 Caesaris
787 2056 992 2114 castris
1039 2055 1148 2120 sub
1195 2064 1385 2113 monte.
1425 2055 1699 2114 consedit.
1784 2055 2061 2117 Postridie
2100 2057 2231 2132 ejus

251 2144 370 2202 diei
398 2154 624 2221 praeter
649 2154 840 2204 castra
866 2143 1134 2205 Caesaris
1149 2163 1286 2203 suas
1307 2145 1505 2221 copias
1528 2144 1867 2215 transduxit,
1886 2156 1945 2203 et
1972 2143 2227 2205 millibus
2254 2152 2333 2205 20

254 2252 530 2308 passuum
571 2232 792 2292 duobus
833 2233 986 2290 ultra
1014 2250 1150 2289 eum
1177 2243 1369 2291 castra
1410 2233 1565 2303 fecit,
1594 2254 1662 2291 eo
1690 2235 1943 2305 consili0,
1978 2235 2062 2293 uti
2108 2233 2225 2293 fru-

253 2332 446 2381 mento
463 2331 920 2396 commeatuque,
939 2322 1039 2397 qui
1057 2340 1129 2379 ex
1146 2320 1433 2397 Sequanis
1450 2332 1507 2381 et
1526 2323 1751 2379 Aeduis
1776 2334 2227 2401 supportaretur,

253 2409 565 2477 Caesarem
607 2409 1038 2469 intercluderet.
1121 2409 1216 2467 Ex
1265 2430 1334 2468 eo
1378 2412 1471 2469 die
1498 2410 1619 2469 dies
1648 2410 1945 2467 continuos
1972 2411 2227 2484 quinque

252 2498 472 2558 Caesar
511 2517 612 2575 pro
637 2500 844 2559 castris
871 2518 1008 2557 suas
1035 2498 1228 2574 copias
1269 2500 1537 2577 produxit
1575 2508 1632 2557 et
1672 2498 1861 2555 aciem
1887 2498 2227 2555 instructam

253 2586 470 2655 habuit,
502 2597 581 2655 ut,
611 2588 662 2644 si
691 2587 865 2644 vellet
893 2587 1222 2645 Ariovistus
1263 2588 1480 2662 proelio
1508 2585 1869 2655 contendere,
1900 2587 1953 2643 ei
1983 2596 2229 2662 potestas
2251 2593 2331 2647 25

251 2693 368 2731 non
395 2675 663 2733 deesset.·
721 2676 1050 2733 Ariovistus
1087 2676 1177 2733 his
1201 2676 1469 2733 omnibus
1512 2675 1713 2733 diebus
1742 2676 2061 2732 exercitum
2102 2694 2226 2733 cas-

252 2764 357 2823 tris
398 2764 713 2835 continuit3
759 2765 1012 2839 equestri
1059 2764 1274 2838 proelio
1317 2762 1569 2837 quotidie
1612 2762 1919 2819 contendit.
2025 2761 2229 2823 Genus

251 2851 362 2909 hoc
402 2861 530 2909 erat
576 2870 824 2929 pugnae,
867 2871 980 2926 quo
1027 2872 1090 2909 se
1137 2852 1417 2909 Germani
1464 2858 1865 2909 exercuerant.
1949 2849 2229 2927 Equitum

252 2940 438 2997 millia
493 2950 660 2997 erant
711 2958 853 3011 sex;
919 2939 1150 2997 totidem
1205 2957 1445 2997 numero
1498 2939 1717 3015 pedites
1764 2938 2109 3003 velocissimi
2158 2958 2229 2997 ac

253 3026 546 3087 fortissimi
570 3048 588 3099 3
633 3046 776 3102 quos
801 3046 872 3085 ex
901 3030 1056 3085 omni
1099 3028 1265 3103 copia
1291 3025 1506 3103 singuli
1548 3022 1825 3105 singulos,
1854 3046 1999 3085 suae
2026 3027 2228 3085 salutis
2254 3034 2331 3089 30

253 3135 450 3185 causa,
479 3116 831 3192 delegerant.
915 3116 1068 3173 Cum
1109 3117 1200 3174 his
1239 3116 1296 3171 in
1341 3116 1571 3191 proeliis
1600 3116 1997 3185 versabantur,
2028 3114 2099 3176 ad
2128 3116 2233 3179 hos

249 3224 316 3261 se
341 3206 566 3279 equites
592 3204 976 3280 recipiebant:
1019 3204 1098 3274 hi,
1126 3205 1176 3261 si
1203 3204 1340 3279 quid
1370 3216 1495 3261 erat
1521 3204 1741 3273 durius,
1772 3204 2227 3263 concurrebant:

251 3293 304 3349 si
325 3293 448 3367 qui,
476 3286 742 3368 graviore
771 3291 1010 3349 vulnere
1029 3302 1292 3369 accepte,
1321 3311 1471 3370 equo
1504 3292 1811 3360 deciderat,
1842 3292 2226 3350 circumsiste-

252 3380 422 3439 bant:
464 3381 514 3437 si
541 3398 654 3453 quo
681 3389 806 3437 erat
847 3379 1074 3456 longius
1101 3380 1514 3455 prodeundum,
1546 3389 1645 3437 aut
1672 3377 1921 3439 celerius
1949 3380 2227 3457 recipien-

249 3468 410 3537 dum,
464 3477 624 3525 tanta
673 3477 800 3525 erat
859 3468 1066 3525 horum
1119 3469 1529 3527 exercitatione
1584 3466 1868 3537 celeritas,
1927 3476 2007 3537 ut,
2070 3468 2227 3544 jubis
2252 3474 2329 3531 35

249 3574 532 3632 equorum
559 3555 862 3624 sublevati,
891 3574 1130 3613 cursum
1159 3555 1567 3631 adaequarent.

331 3642 552 3703 XLIX.
596 3643 712 3703 Ubi
755 3662 890 3700 eum
939 3644 1144 3701 castris
1185 3662 1248 3701 se
1298 3653 1488 3704 tenere
1535 3639 1753 3703 Caesar
1798 3643 2103 3715 intellexit,
2150 3664 2227 3703 ne

249 3730 468 3789 diutius
495 3741 820 3789 commeatu
847 3730 1258 3807 prohiberetur,
1290 3731 1443 3789 ultra
1470 3750 1607 3790 eum
1634 3731 1844 3801 locum,
1872 3750 1986 3807 quo
2012 3734 2072 3793 in
2100 3734 2228 3793 loco

253 3819 534 3882 Germani
560 3817 955 3889 consederant,
983 3819 1216 3881 circiter
1241 3838 1445 3895 passus
1472 3828 1771 3883 sexcentos
1798 3820 1871 3881 ab
1898 3821 1999 3892 eis,
2017 3822 2227 3883 castris

1223 3912 1261 3964 4
