2709 4300
2109 175 2160 192 Q

384 281 507 346 m
1086 289 1175 340 »Β
1198 289 1410 340 mm
1431 289 1716 340 οΑιωοο
2165 288 2303 342 [cu.
2323 293 2468 336 is-nn.

482 437 631 486 rent.
714 426 883 486 Haec
908 425 1115 484 eadem
1138 425 1576 486 centurionibus
1607 427 1970 502 tribunisque
2015 425 2268 484 militum
2307 443 2470 482 man-

480 515 711 584 dabant,
742 525 805 574 ut
831 535 935 593 per
960 535 1061 574 eos
1086 516 1159 574 ad
1186 516 1502 575 Caesarem
1527 515 1910 574 deferrentur.

564 604 783 664 XVIII.
828 605 1033 670 Quum
1074 605 1199 680 jem
1224 623 1392 664 muro
1419 616 1610 666 turres
1637 605 2204 681 appropinquassent,
2231 624 2304 662 ex
2333 624 2472 680 cep-

481 695 617 754 tivis
668 694 889 754 Caesar
934 696 1221 771 cognovit,
1273 694 1814 772 Vercingetorigem
1865 704 2206 770 consumpto
2257 694 2477 782 pabulo

418 795 675 850 &castra
700 786 947 843 movisse
974 786 1207 862 propius
1237 785 1582 854 Avaricum,
1613 794 1788 860 atque
1827 784 2018 860 ipsum
2045 803 2182 844 cum
2207 785 2506 874 equitatu

480 875 893 950 expeditisque,
920 876 1023 950 qui
1048 875 1201 932 inter
1238 875 1464 949 equites
1505 875 1774 949 proeliari
1817 884 2208 943 consuessent,
2236 847 2506 933 insidia.-

484 981 615 1022 rum
642 983 823 1022 causa
850 982 919 1020 eo
946 961 1285 1039 profectum,
1314 982 1432 1038 quo
1459 973 1680 1020 nostros
1721 974 1946 1040 postero
1987 963 2082 1020 die
2129 963 2478 1039 pabulatum

482 1063 753 1111 venturos
796 1053 1193 1111 arbitraretur.
1276 1052 1510 1116 Quibus
1553 1053 1726 1110 rebus
1767 1054 2030 1129 cognitis,
2071 1051 2264 1110 media
2303 1061 2477 1110 nocte

480 1141 709 1200 silentio
754 1140 1065 1218 profectus,
1114 1141 1187 1199 ad
1234 1141 1486 1198 hostium
1533 1151 1730 1198 castra
1775 1161 1948 1199 mane
1995 1142 2272 1217 pervenit.
2357 1140 2478 1210 Illi,

382 1239 457 1294 10
482 1230 750 1288 celeriter
792 1249 897 1308 per
938 1231 1327 1307 exploratores
1377 1230 1630 1288 adventu
1671 1231 1942 1290 Caesaris
1985 1231 2230 1308 cognite,
2273 1247 2484 1288 carros

482 1319 1003 1396 impedimentaque
1058 1339 1167 1378 sua
1214 1322 1275 1378 in
1331 1321 1576 1378 artiores
1629 1320 1808 1378 silves
1863 1318 2220 1389 abdiderunt,
2277 1321 2484 1396 copias

480 1427 683 1466 omnes
734 1411 797 1467 in
850 1410 977 1467 loco
1032 1419 1229 1488 aperto
1282 1419 1456 1485 atque
1511 1409 1664 1468 edito
1715 1410 2131 1466 instruxerunt.
2213 1408 2356 1474 Qua
2411 1426 2496 1466 rev

483 1501 779 1569 nunciata,
822 1499 1043 1558 Caesar
1086 1500 1355 1558 celeriter
1397 1500 1660 1556 sarcinas
1699 1497 1968 1569 conferri,
2013 1517 2178 1556 arma
2213 1495 2482 1574 expediri

487 1588 679 1662 jussit.

386 1677 459 1734 1⁵
568 1677 729 1735 XIX.
780 1677 961 1738 Collis
1012 1687 1137 1735 erat
1190 1677 1400 1734 leniter
1453 1678 1528 1734 ab
1581 1677 1780 1734 infimo
1835 1676 2114 1735 acclivis:
2184 1676 2344 1734 hunc
2399 1695 2480 1734 ex

484 1768 754 1825 omnibus
778 1767 903 1825 fere
930 1767 1189 1843 partibus
1216 1767 1386 1843 palus
1413 1765 1666 1824 difficilis
1695 1775 1866 1841 atque
1890 1766 2162 1842 impedita
2181 1766 2478 1842 cingebat,

483 1873 597 1912 non
646 1856 813 1913 latior
861 1855 1101 1931 pedibus
1148 1873 1205 1912 1..
1293 1855 1425 1914 Hoc
1471 1875 1535 1912 se
1585 1855 1755 1925 colle,
1805 1856 2144 1931 interruptis
2188 1855 2476 1931 pontibus,

486 1943 647 2000 Galli
700 1943 914 2002 fiducia
969 1943 1081 2002 loci
1136 1945 1522 2013 continebant,
1577 1945 2016 2021 generatimque
2067 1943 2358 2002 distributi
2413 1945 2480 2002 in

482 2033 763 2102 civitates,
792 2033 985 2090 omnia
1012 2032 1161 2090 vade
1204 2052 1275 2091 ac
1314 2033 1498 2091 saltus
1539 2035 1668 2110 ejus
1713 2034 1942 2110 paludis
1985 2035 2160 2092 certis
2199 2033 2480 2092 custodiis

378 2122 461 2179 20
482 2121 829 2193 obtinebant,
872 2123 959 2181 sic
1000 2124 1191 2181 animo
1231 2125 1436 2199 parati,
1479 2133 1562 2194 ut,
1611 2124 1662 2183 si
1709 2143 1841 2183 eam
1895 2124 2168 2202 paludem
2223 2124 2478 2183 Romani

484 2230 855 2289 perrumpere
884 2222 1251 2283 conarentur,
1280 2214 1634 2273 haesitantes
1657 2226 1987 2291 premerent
2023 2232 2097 2273 ex
2139 2215 2268 2273 loco
2305 2234 2478 2291 supe-

485 2302 675 2359 riore:
730 2310 813 2372 ut,
862 2303 965 2378 qui
1018 2303 1499 2379 propinquitatem
1552 2304 1667 2362 loci
1721 2304 1959 2373 videret,
2017 2314 2246 2379 paratos
2301 2322 2480 2379 prope

486 2410 673 2467 aequo
696 2390 907 2451 'Marte
958 2392 1031 2449 ad
1078 2392 1470 2451 dimicandum
1519 2394 1912 2465 existimaret3
1963 2394 2066 2469 qui
2113 2394 2480 2468 iniquitatem

486 2481 827 2539 conditionis
876 2481 1241 2558 perspiceret,
1272 2482 1432 2539 inani
1472 2482 1840 2541 simulatione
1873 2501 2002 2540 sese
2027 2491 2314 2539 ostentare
2343 2500 2478 2558 cog-

382 2576 465 2629 2⁵
486 2580 769 2627 nosceret.
841 2569 1211 2646 Indignantes
1238 2570 1450 2629 milites
1469 2571 1704 2641 Caesar,
1725 2571 1878 2646 quod
1897 2581 2274 2647 conspectum
2301 2590 2480 2629 suum

486 2660 679 2717 hostes
706 2658 857 2717 ferre
886 2669 1131 2735 possent,
1148 2659 1372 2717 tantulo
1391 2661 1574 2735 spatio
1599 2660 1916 2735 interjecto,
1933 2669 1994 2717 et
2011 2661 2244 2737 signum
2273 2660 2480 2736 proelii

486 2758 879 2823 exposcentes,
934 2748 1151 2817 edocet,
1205 2748 1446 2814 Quanto
1497 2748 1856 2817 detrimento,
1911 2759 1971 2806 et
2025 2760 2163 2826 quot
2218 2750 2480 2806 virorum

488 2836 722 2895 fortium
762 2847 941 2895 morte
970 2856 1207 2895 necesse
1236 2838 1311 2895 sit
1336 2848 1599 2895 constare
1627 2838 1926 2897 victoriam
1951 2856 1966 2895 t
2005 2857 2154 2914 quos
2179 2857 2362 2914 quum
2391 2840 2482 2897 sic

488 2926 681 2983 animo
724 2935 961 3001 paratos·
990 2925 1201 2993 videat,
1245 2936 1309 2985 ut
1352 2926 1582 2984 nullum
1627 2944 1730 3002 pro
1771 2946 1882 2985 sun
1927 2926 2102 2985 laude
2149 2928 2481 3003 periculum

386 3018 468 3073 30
490 3026 775 3085 recusent,
794 3032 1057 3073 summae
1078 3022 1141 3073 se
1158 3015 1476 3089 iniquitatis
1503 3015 1874 3074 condemnari
1895 3015 2120 3084 debere,
2141 3016 2252 3073 nisi
2273 3034 2482 3073 eorum

488 3104 665 3161 vitem
710 3123 819 3163 sue
866 3103 1053 3160 salute
1094 3102 1303 3160 habeat
1344 3104 1650 3163 cariorem.
1733 3103 1838 3161 Sic
1875 3103 2088 3161 milites
2127 3104 2480 3175 consolatus,

380 3199 385 3204 ’
488 3190 687 3249 eodem
714 3194 807 3251 die
836 3192 1101 3251 reducit'
1084 3210 1145 3249 in
1174 3202 1404 3265 castrn3
1450 3193 1692 3269 reliqua,
1715 3212 1866 3269 quae
1895 3192 1968 3251 ad
1995 3193 2482 3347 oppugnationem

486 3282 677 3353 oppidi
704 3282 1081 3359 pertinebant,
1104 3280 1510 3339 administrare
1535 3282 1798 3339 instituit.
1903 3338 1911 3345 ,

570 3365 705 3427 XX.
750 3371 1213 3447 Vercingetorix,
1242 3388 1426 3447 quum
1453 3370 1524 3427 ad
1553 3389 1690 3427 suos
1732 3368 1990 3440 redisset,
2020 3370 2354 3446 proditionis
2393 3373 2482 3429 in-

384 3446 461 3501 35
486 3450 811 3530 simulatus,
840 3460 991 3536 quod
1018 3470 1211 3519 castra
1257 3460 1490 3537 propius
1523 3459 1816 3517 Romanos
1843 3461 2128 3529 movisset,
2159 3460 2310 3537 quod
2339 3479 2484 3519 cum

484 3546 643 3601 Omni
686 3551 947 3624 equitatu
990 3549 1362 3619 discessisset,
1403 3549 1554 3625 quod
1597 3550 1724 3605 sine
1767 3549 2010 3625 imperio
2051 3558 2240 3609 tantas
2281 3551 2484 3626 copies

484 3624 833 3709 reliquisset,
862 3638 1013 3713 quod
1042 3640 1173 3714 ejus
1198 3638 1456 3697 discessu
1487 3638 1736 3697 Romani
1775 3648 1936 3697 tanta
1961 3640 2380 3715 opportunitate
2421 3652 2484 3699 et

482 3710 785 3783 celeritate
803 3728 1129 3797 venissent3
1160 3744 1275 3783 non
1302 3727 1450 3785 haec
1475 3728 1666 3784 omnia
1699 3726 1930 3785 fortuito
1957 3738 2058 3786 aut
2085 3728 2212 3787 sine
2237 3720 2488 3788 consilio

484 3800 758 3867 Μύκο
788 3813 1076 3887 potuiss03
1110 3831 1360 3889 regnum
1383 3814 1552 3873 illum
1579 3815 1818 3873 Galliae
1841 3815 2020 3874 malle
2046 3816 2318 3875 Caesaris
2341 3836 2480 3877 oon-
