2709 4300
433 289 518 348 24
1141 297 1228 344 m:
1265 297 1498 346 nnso-
1514 297 1800 346 Gannico
2206 297 2338 350 [cu.
2356 304 2429 352 ει,
2444 305 2519 344 25.

535 435 864 493 decurionis
891 435 1152 511 equitum
1181 435 1505 505 Gallorum,
1536 435 1793 494 hostibus
1820 434 2155 492 nunciatur.
2241 433 2521 506 Helvetii,

537 543 644 582 seu
663 525 814 599 quod
841 525 1042 582 timore
1069 525 1399 600 perterritos
1428 524 1719 582 Romanos
1744 523 2041 582 discedere
2070 543 2109 580 a
2134 541 2197 582 se
2224 525 2523 582 existima-

539 622 684 682 rent,
729 633 800 670 eo
853 614 1058 689 magis,
1107 614 1258 689 quod
1309 614 1511 689 pridie,
1566 614 1961 690 superioribus
2008 613 2149 670 locis
2202 615 2523 690 occupatis,

537 703 818 778 proelium
863 720 978 760 non
1023 705 1500 775 commovissent5
1546 703 1671 762 sive
1712 722 1799 773 eo,
1842 703 1994 778 quod
2036 721 2100 760 re
2142 701 2529 762 frumentaria

473 803 514 857 5
539 792 845 850 intercludi
873 811 1036 868 posse
1065 791 1449 865 confiderent3
1482 801 1833 850 commutato
1852 792 2093 850 consilio
2120 801 2293 868 atque
2315 794 2525 851 itinere

537 899 830 951 converso,
875 891 1095 940 nostros
1143 899 1180 938 a
1223 883 1531 940 novissimo
1574 883 1805 960 agmine
1847 881 2075 957 insequi
2118 900 2189 940 ac
2233 882 2527 942 lacessere

539 981 872 1048 coeperunt.

520 1099 530 1106 -
621 1061 844 1120 XXIV.
889 1062 1198 1138 Postquam
1227 1062 1284 1119 id
1313 1063 1574 1122 animum
1608 1029 1871 1133 advertit,
1902 1063 2099 1140 copias
2138 1041 2277 1121 suas
2302 1062 2529 1122 Caesar

539 1152 602 1208 in
645 1153 972 1228 proximum
1015 1152 1223 1210 collem
1268 1152 1555 1222 subducit,
1586 1152 2039 1229 equitatumque,
2068 1153 2171 1228 qui
2214 1154 2530 1210 sustineret

439 1251 516 1306 10
541 1241 790 1300 hostium
817 1242 1112 1318 impetum,
1143 1242 1317 1299 misit.
1402 1241 1531 1318 Ipse
1572 1242 1803 1299 interim
1831 1243 1891 1298 in
1932 1241 2083 1322 colle
2124 1241 2315 1300 medio
2342 1243 2527 1318 tripli-

539 1349 670 1388 cem
697 1331 884 1388 aciem
927 1332 1200 1390 instruxit
1245 1332 1541 1407 legionum
1582 1340 1831 1407 quatuor
1856 1313 2283 1400 veteranarum,
2312 1332 2411 1400 ita,
2442 1331 2529 1389 uti

539 1439 718 1498 supra
745 1441 808 1478 se
835 1422 892 1478 in
923 1438 1148 1478 summo
1186 1421 1330 1498 jugo
1357 1420 1505 1478 duas
1550 1421 1823 1497 legiones,
1853 1439 2001 1496 quas
2042 1421 2104 1476 in
2146 1419 2345 1477 Gallia
2388 1420 2527 1478 cite-

541 1511 692 1568 riore
713 1511 976 1586 ,proxime
1005 1511 1445 1586 conscripserat,
1474 1518 1533 1568 et
1566 1509 1761 1567 omnia
1802 1509 2025 1566 auxilia
2062 1509 2411 1566 collocaret:
2456 1528 2530 1566 ac

539 1609 722 1658 totum
765 1608 1016 1656 montem
1062 1599 1393 1657 hominibus
1438 1598 1749 1676 compleri,·
1782 1607 1841 1656 et
1888 1598 2111 1656 interea
2152 1599 2418 1656 sarcinas
2464 1599 2527 1656 in

443 1695 516 1751 15
543 1707 727 1748 unum
753 1688 949 1746 locum
975 1686 1246 1759 conferri,
1289 1698 1346 1746 et
1388 1707 1525 1747 eum
1566 1687 1639 1745 ab
1667 1687 1776 1758 his,
1822 1686 1924 1762 qui
1966 1689 2027 1744 in
2074 1687 2371 1764 superiore
2399 1689 2531 1746 acie

541 1779 930 1847 constiterant,
949 1778 1163 1835 muniri
1184 1778 1377 1854 jussit.
1436 1776 1712 1848 Helvetii,
1730 1795 1869 1834 cum
1894 1776 2163 1834 omnibus
2188 1777 2313 1834 suis
2342 1778 2533 1834 carris

543 1868 748 1936 secuti,
777 1865 1182 1942 impedimenta
1225 1867 1285 1924 in
1331 1885 1515 1926 unum
1552 1866 1747 1926 locum
1790 1866 2192 1924 contulerunt:
2236 1867 2365 1942 ipsi,
2394 1885 2529 1924 con-

545 1955 852 2014 fertissima
889 1955 1016 2014 acie
1061 1955 1276 2031 rejecto
1318 1965 1511 2014 nostro
1554 1956 1833 2032 equitatu,
1880 1955 2167 2034 phalange
2213 1954 2389 2026 facta,
2418 1957 2529 2014 sub

545 2047 789 2122 primam
815 2055 1069 2102 nostram
1097 2046 1285 2104 aciem
1314 2055 1745 2104 successerunt.

437 2143 518 2198 20
626 2134 819 2194 XXV.
863 2133 1100 2206 Caesar,
1131 2135 1383 2213 primum
1410 2155 1535 2206 suo,
1564 2134 1769 2195 deinde
1810 2135 2069 2194 omnium
2114 2154 2187 2194 ex
2216 2145 2530 2213 conspectu

545 2226 776 2283 remotis
821 2226 1003 2301 equis,
1055 2235 1138 2295 ut,
1187 2236 1435 2302 aequato
1486 2226 1745 2283 omnium
1800 2225 2077 2301 periculo,
2132 2244 2295 2301 spem
2352 2225 2530 2303 fugae

543 2316 786 2385 tolleret,
816 2315 1146 2373 cohortatus
1173 2334 1325 2385 suos,
1356 2315 1643 2391 proelium
1684 2315 1987 2373 commisit.
2072 2314 2309 2385 Milites,
2338 2335 2373 2372 e
2402 2316 2531 2373 loco

541 2407 836 2484 superiore
863 2407 996 2483 pilis
1021 2407 1228 2476 missis,
1253 2404 1429 2463 facile
1456 2406 1706 2464 hostium
1734 2406 2081 2482 phalangem
2097 2403 2525 2482 perfregerunt.
2574 2471 2589 2483 .

543 2497 636 2555 Ea
663 2496 920 2573 disjecta,
938 2496 1148 2573 gladiis
1175 2496 1465 2556 destrictis
1483 2496 1545 2553 in
1572 2514 1671 2553 eos
1690 2496 1969 2571 impetum
1989 2493 2275 2553 fecerunt.
2340 2494 2533 2553 Gallis

439 2592 518 2647 25
543 2604 756 2663 magno
783 2586 856 2643 ad
884 2604 1140 2662 pugnam
1181 2595 1306 2643 erat
1349 2584 1773 2660 impedimento,
1815 2583 1985 2659 quod,
2015 2584 2281 2659 pluribus
2326 2602 2530 2642 eorum

541 2674 722 2733 scutis
751 2693 866 2732 uno
893 2676 1014 2733 ictu
1041 2674 1290 2751 pilorum
1315 2672 1611 2731 transfixis
1650 2682 1708 2731 et
1748 2673 2053 2749 colligatis,
2082 2691 2265 2748 quum
2306 2671 2531 2731 ferrum

541 2784 604 2823 se
633 2764 966 2833 inflexisset,
995 2782 1184 2840 neque
1223 2764 1497 2833 evellere,
1536 2782 1745 2839 neque,
1790 2763 2022 2819 sinistra
2068 2761 2360 2838 impedita,
2390 2763 2534 2820 satis

541 2853 836 2913 commode
878 2870 1140 2930 pugnare
1184 2862 1481 2929 poterant5
1528 2852 1697 2910 multi
1742 2861 1822 2921 ut,
1866 2851 1969 2908 diu
2005 2851 2225 2926 jactato
2270 2851 2529 2921 brachiO,

542 2951 942 3019 praeoptarent
969 2950 1200 2999 scutum
1221 2960 1399 2999 manu
1428 2942 1709 3011 emittere,
1730 2950 1789 2999 et
1806 2940 1959 2997 nudo
1978 2957 2217 3016 corpore
2238 2959 2529 3017 pugnare.

439 3040 518 3095 30
542 3031 824 3101 Tandem,
856 3029 1194 3088 vulneribus
1223 3029 1452 3100 defessi,
1482 3039 1539 3087 et
1568 3030 1773 3106 pedem
1802 3027 2041 3099 referre,
2064 3039 2139 3099 et,
2171 3029 2323 3105 quod
2364 3047 2533 3087 mons

540 3123 776 3179 suberat
819 3120 1053 3177 circiter
1101 3120 1262 3178 mille
1310 3138 1605 3195 passuum,
1656 3138 1727 3177 eo
1774 3139 1837 3177 se
1888 3120 2147 3195 recipere
2188 3129 2529 3196 coeperunt.

539 3212 720 3288 Capto
761 3219 952 3269 monte
987 3219 1045 3268 et
1087 3209 1533 3267 succedentibus
1572 3210 1799 3278 nostris,
1844 3209 1973 3266 Boii
2012 3218 2071 3267 et
2084 3208 2375 3286 oTulingi,
2427 3211 2533 3285 qui

541 3302 836 3359 hominum
865 3300 1120 3358 millibus
1160 3299 1395 3357 circiter
1435 3317 1519 3357 xv
1548 3317 1757 3376 agmen
1786 3299 2035 3357 hostium
2076 3298 2442 3367 claudebant,
2470 3309 2533 3357 et

541 3392 865 3449 novissimis
912 3390 1194 3467 praesidio
1239 3399 1423 3459 erant,
1466 3408 1540 3447 ex
1588 3390 1795 3447 itinere
1836 3398 2058 3447 nostros
2106 3389 2288 3447 latere
2330 3399 2533 3465 aperto

439 3486 515 3540 35
543 3482 820 3558 aggressi,
876 3481 1337 3539 circumvenire:
1406 3490 1465 3539 et
1511 3480 1569 3538 id
1620 3480 1935 3557 conspicati
1990 3478 2269 3549 Helvetii,
2315 3480 2419 3555 qui
2466 3481 2541 3538 in·

541 3583 792 3629 montem
831 3589 958 3627 sese
1001 3579 1357 3647 receperant,
1388 3588 1594 3627 rursus
1634 3572 1847 3627 instare
1874 3579 1933 3627 et
1960 3570 2245 3646 proelium
2278 3568 2529 3627 redinte-

540 3678 712 3737 grare
760 3669 1094 3735 coeperunt.
1179 3658 1427 3717 Romani
1468 3677 1749 3717 conversa
1788 3660 1958 3735 signa
2006 3658 2271 3735 bipartito
2316 3658 2529 3717 intule-

543 3759 710 3805 runt:
741 3750 928 3823 prima
945 3766 1015 3805 ac
1043 3747 1299 3805 secunda
1315 3749 1489 3818 acies,
1510 3758 1574 3807 ut
1592 3748 1759 3807 victis
1788 3767 1861 3806 ac
1888 3748 2169 3807 submotis
2186 3747 2485 3807 resisteret
2504 3768 2527 3823 3

543 3835 727 3904 tertia,
751 3844 814 3893 ut
845 3836 1137 3893 venientes
1157 3836 1467 3912 exciperet.
