2709 4300
420 277 541 338 les
1126 289 1213 338 nn
1248 289 1460 338 mm
1495 289 1784 338 cauco
2199 291 2340 346 [οη.
2359 296 2492 340 εε-ετ

514 437 626 498 tus,
650 445 722 486 ex
741 426 947 505 oppido
964 427 1261 506 egreditur
1284 449 1303 502 3
1336 449 1372 488 a
1399 430 1606 487 castris
1625 428 1939 505 longurios,
1963 429 2284 500 musculos,
2305 429 2508 499 falces,

516 519 873 594 reliquaque,
895 537 1049 594 quae
1070 517 1387 595 eruptionis
1413 537 1594 576 cause
1619 529 1946 595 paraverat,
1969 519 2210 595 profert.
2279 519 2510 596 Pugna-

512 616 609 664 tur
637 627 751 666 uno
778 618 1032 684 tempore
1054 609 1321 665 omnibus
1349 607 1497 666 locis
1513 608 1744 676 acriter,
1767 617 1940 683 atque
1959 608 2156 666 omnia
2183 618 2506 678 tentantur,

510 696 651 763 Qua
680 698 915 755 minime
944 698 1069 754 viss
1098 715 1233 773 pars
1260 697 1430 754 firma
1457 707 1562 766 est,
1593 696 1710 754 huc
1739 698 2128 766 concurritur.
2153 745 2172 762 ,
2215 697 2508 756 Romano.

444 789 484 846 ὓ
512 803 643 844 rum
672 805 879 845 manus
906 787 1081 844 tentis
1108 785 1526 844 munitionibus
1545 785 1870 855 distinetur,
1893 804 2005 848 nec
2035 785 2210 843 facile
2237 786 2510 862 pluribus

508 877 652 934 locis
677 877 949 934 occurrit.
1038 875 1289 932 Multum
1332 874 1405 932 cd
1447 875 1742 932 terrendos
1781 884 2006 932 nostros
2034 874 2218 934 valuit
2259 873 2506 944 clamor,

464 1035 473 1044 ,
506 967 609 1040 qui
650 975 775 1042 post
812 976 1043 1042 tergum
1088 965 1484 1041 pugnantibus
1523 965 1758 1033 exstitit,
1789 963 1942 1040 quod
1966 981 2142 1022 sunm
2173 964 2506 1040 periculum
2561 1003 2566 1008 -

507 1058 565 1112 in
597 1055 788 1114 aliena
816 1055 1009 1135 vident
1038 1057 1249 1112 virtute
1292 1055 1648 1113 consistere:
1689 1055 1886 1112 omnia
1929 1054 2086 1112 enim
2133 1054 2502 1131 plerumque,

504 1163 657 1220 quae
686 1145 912 1214 absunt,
942 1143 1344 1202 vehementius
1373 1143 1674 1200 hominum
1703 1154 1924 1202 mentes
1953 1144 2314 1219 perturbant.

406 1239 481 1294 10
586 1232 895 1292 LXXXV.
978 1233 1197 1292 Caesar
1234 1232 1504 1309 idoneum
1532 1233 1729 1290 locum
1755 1241 1980 1301 nactus,
2009 1233 2150 1308 quid
2177 1251 2416 1310 qunque
2445 1235 2503 1291 in
2542 1253 2545 1255 ·

506 1335 669 1399 parte
721 1332 978 1400 geratur,
1028 1323 1339 1400 cognoscit,
1397 1321 1796 1380 laborantibus
1849 1322 2136 1380 auxilium
2191 1323 2500 1382 submittit.

506 1411 781 1489 Utrisque
826 1411 898 1470 ad
942 1414 1201 1470 animum
1240 1413 1515 1482 occurrit,
1549 1429 1732 1470 unum
1771 1411 1916 1483 illud
1947 1431 2080 1472 esse
2105 1421 2356 1488 tempus,
2387 1433 2504 1489 quo

506 1504 757 1560 maxime
800 1501 1065 1561 contendi
1108 1502 1436 1560 conveniat.
1521 1501 1702 1570 Galli,
1730 1502 1843 1559 nisi
1883 1499 2268 1579 perfregerint
2313 1505 2500 1560 muni-

504 1594 705 1663 tiones,
734 1593 807 1650 de
832 1593 990 1650 omni
1018 1590 1209 1650 salute
1236 1589 1576 1667 desperant:
1609 1589 1878 1661 Romani,
1897 1592 1948 1648 si
1977 1609 2106 1650 rem
2125 1591 2504 1664 obtinuerint,

404 1685 479 1742 15
504 1681 680 1742 finem
722 1683 981 1740 omnium
1024 1681 1289 1740 laborum
1332 1691 1688 1756 exspectant.
1775 1680 2032 1739 Maxime
2069 1681 2144 1738 ed
2171 1683 2502 1760 superiores

504 1773 851 1830 munitiones
894 1772 1207 1840 laboratur,
1250 1789 1366 1846 quo
1409 1769 1932 1846 Vergesillaunum
1981 1772 2222 1830 missum
2267 1772 2499 1830 demon-

450 1920 459 1926 ,
502 1863 834 1919 stravimus.
920 1861 1221 1938 Exiguum
1244 1861 1357 1918 loci
1377 1860 1446 1918 ed
1471 1860 1860 1942 declivitatem
1893 1858 2190 1938 fastigium
2217 1881 2502 1938 magnum

501 1951 673 2009 habet
702 1961 1075 2008 momentum.
1162 1951 1287 2008 Alii
1316 1951 1438 2008 tela‘
1461 1950 1818 2025 conjiciunt3
1849 1949 1972 2020 alii,
2003 1950 2290 2008 testudine
2321 1951 2498 2024 facta,

501 2036 792 2110 subeunt;
836 2037 1446 2114 defatigatis-invicem
1485 2040 1696 2116 integri
1737 2038 2079 2096 succedunt.
2168 2041 2396 2118 Agger,
2425 2043 2502 2102 eb

394 2133 477 2189 20
504 2131 791 2188 universis
832 2131 893 2186 in
938 2129 1317 2189 munitionem
1365 2130 1682 2208 conjectus,
1711 2140 1770 2188 et
1811 2145 2120 2189 ascensum
2159 2129 2258 2189 dat
2287 2129 2497 2203 Gallis,
2537 2119 2549 2126 ’

499 2230 559 2277 et
602 2240 691 2291 es,
720 2240 871 2297 quae
916 2221 977 2277 in
1020 2230 1239 2279 terram
1282 2222 1722 2279 occultaverant
1752 2220 2019 2290 Romani,
2049 2223 2342 2299 contegit·
2387 2242 2498 2283 neo

495 2310 619 2387 jam
650 2330 813 2368 arma
838 2311 1065 2380 nostris,
1094 2330 1203 2369 nec
1234 2312 1390 2369 vires
1416 2320 1748 2386 suppetunt.

582 2400 919 2460 LXXXVI.
1005 2400 1117 2459 His
1172 2402 1347 2459 rebus
1405 2401 1668 2477 cognitis,
1711 2399 1930 2460 Caesar
1979 2354 2308 2461 Labienum
2357 2421 2500 2461 curn

416 2566 425 2573 ·
500 2492 831 2552 cohortibus
857 2510 923 2549 w
966 2489 1221 2547 subsidio
1266 2489 1666 2547 laborantibus
1715 2490 1924 2550 mittit.
1967 2491 2232 2566 imperat,
2275 2492 2326 2549 si
2371 2512 2498 2551 sus-

396 2586 477 2641 25
502 2584 683 2641 tinere
726 2600 839 2639 non
882 2582 1071 2657 possit,
1102 2581 1366 2638 deductis
1411 2580 1742 2643 cohortibus
1781 2582 2080 2657 eruptione
2109 2592 2372 2657 pugnet3
2417 2579 2498 2653 id,

500 2673 609 2730 nisi
638 2672 985 2738 necessario,
1011 2688 1087 2727 'ne
1116 2669 1312 2727 faciat.
1399 2668 1529 2745 Ipse
1559 2668 1678 2727 adit
1707 2670 1998 2747 reliquos3
2045 2670 2396 2742 cohortatur,
2421 2692 2500 2731 ne

500 2762 681 2819 labori
708 2762 1139 2833 succumbant3
1182 2760 1440 2817 omnium
1479 2760 1844 2835 superiorum
1870 2759 2306 2819 dimicationum
2339 2760 2498 2820 fruc-

498 2863 623 2909 tum
669 2852 727 2908 in
770 2870 841 2909 eo
884 2850 976 2907 die
1018 2860 1191 2925 atque
1230 2850 1370 2906 hora
1397 2848 1564 2907 docet
1589 2848 1924 2907 consistere.
2009 2848 2336 2920 Interiores,
2365 2850 2498 2909 des-

497 2943 713 3019 peratis
739 2940 1157 3016 campestribus
1182 2939 1329 2996 locis
1352 2948 1582 3015 propter
1601 2937 2062 3015 magnitudinem
2083 2940 2498 3011 munitionum,

394 3030 473 3090 '⁸⁰
498 3032 628 3090 loca
656 3039 965 3107 praerupta
992 3046 1067 3087 ex
1096 3046 1343 3087 ascensu
1373 3028 1631 3085 tentant:
1677 3028 1794 3084 huc
1823 3046 1914 3097 ee,
1937 3042 2496 3105 quaeparaverant,

496 3120 839 3179 conferunt:
906 3116 1271 3175 multitudine
1324 3117 1572 3175 telorum
1627 3134 1702 3173 ex
1749 3117 2010 3177 turribus
2059 3130 2500 3194 propugnantes

496 3210 839 3267 deturbant:
886 3224 1101 3283 aggere
1146 3216 1205 3263 et
1246 3206 1508 3263 cratibus
1549 3204 1734 3263 fossas
1757 3206 2008 3289 explent,
2041 3206 2230 3265 aditus
2257 3209 2494 3285 expedi.

498 3312 601 3359 unt
625 3322 638 3357 :
684 3300 929 3359 falcibus
956 3298 1178 3355 vellum
1208 3316 1279 3355 ac
1304 3298 1546 3355 loricam
1577 3295 1930 3355 rescindunt.

576 3386 941 3447 LXXXVII.
1024 3387 1243 3445 Caesar
1296 3388 1468 3444 mittit
1521 3386 1703 3463 primo
1757 3386 2007 3445 Brutum
2064 3387 2494 3453 adolescentem

392 3482 472 3540 80
497 3495 634 3537 cum
678 3478 1006 3535 cohortibus
1032 3494 1117 3545 Ἦ,
1149 3486 1287 3551 post,
1318 3494 1456 3533 cum
1499 3476 1630 3532 aliis
1655 3491 1764 3544 vn,
1795 3474 1864 3533 C.
1897 3475 2147 3536 Fabium
2191 3477 2490 3555 legatum:

494 3578 781 3642 postremo
824 3566 964 3637 ipse,
991 3579 1175 3637 quum
1202 3564 1606 3621 vehementius
1649 3574 2025 3640 pugnaretur,
2057 3565 2311 3641 integros
2353 3568 2490 3625 sub-

494 3654 639 3708 sidio
666 3649 920 3708 adducit.
1006 3650 1293 3707 Restituto
1321 3652 1556 3727 proelio,
1589 3668 1660 3709 ae
1683 3652 1932 3728 repulsis
1959 3652 2236 3722 hostibus,
2259 3672 2350 3723 eo,
2369 3675 2491 3731 quo

497 3734 825 3793 Labienum
868 3737 1118 3804 miserat,
1149 3738 1482 3811 contendit,
1527 3739 1788 3796 cohortes
1831 3757 1898 3797 Π
1939 3753 2012 3799 ex
2057 3744 2320 3817 proximo
2357 3762 2488 3803 css-

488 3817 633 3875 ·tello
684 3818 924 3889 educit,
978 3815 1241 3894 equitum
1284 3840 1351 3880 sc
1401 3835 1624 3899 partem
1671 3826 1858 3901 sequi,
1901 3838 2126 3903 partem
2167 3830 2488 3891 circumire
