2709 4300
177 275 292 324 Cn·
315 275 490 328 Ihm]
935 275 1130 324 LIBER
1175 275 1529 324 smuunus.
2042 344 2057 362 ο
2192 267 2279 328 47

178 411 658 488 Bratuspantium
695 411 1090 484 contulissent,
1119 421 1292 488 atque
1321 415 1397 472 ab
1428 431 1499 472 eo
1538 411 1747 490 oppido
1787 411 2009 470 Caesar
2034 429 2175 472 cum

177 503 444 562 exercitu
499 503 732 562 circiter
785 503 972 563 millia
1035 523 1312 580 passuum
1366 507 1621 582 quinque
1677 505 1917 574 abesset,
1974 521 2175 576 omnes

177 593 436 670 majores
463 603 624 662 natu,
653 611 727 652 ex
755 593 964 670 oppido
989 596 1228 670 egressi,
1257 613 1469 653 manus
1496 595 1569 652 ad
1596 594 1909 656 Caesarem
1936 594 2175 652 tendere

175 692 239 742 et
256 701 404 740 voce
431 683 766 758 significare
793 691 1128 759 coeperunt,
1149 703 1276 742 sese
1297 686 1360 741 in
1388 685 1517 760 ejus
1536 683 1711 742 fidem
1738 702 1809 742 ac
1838 693 2173 760 potestatem

177 772 402 841 venire,
433 789 624 846 neque
663 782 866 833 eontra
909 773 1194 849 Populum
1237 773 1567 832 Romanum
1596 775 1775 832 armis
1800 773 2169 834 contendere.
2196 775 2235 828 ⁵

181 859 351 930 Item,
379 879 564 935 quum
609 861 682 919 ad
723 861 996 938 oppidum
1043 863 1399 932 accessisset,
1440 873 1749 938 castraque
1792 863 1873 920 ibi
1916 874 2169 939 poneret,

181 949 356 1025 pueri
393 949 789 1026 mulieresque
815 969 890 1007 ex
931 969 1098 1008 muro
1130 953 1316 1027 passis
1337 952 1609 1010 manibus
1632 971 1741 1010 suo
1780 971 1939 1010 more
1968 970 2173 1029 pacem

181 1056 222 1094 a
250 1037 534 1096 Romanis
561 1040 868 1114 petierunt.

261 1125 429 1184 XIV.
473 1126 586 1185 Pro
628 1127 720 1184 his
759 1127 1086 1186 Divitiacus
1113 1130 1278 1205 (nam
1305 1141 1431 1206 post
1470 1130 1791 1190 discessum
1829 1130 2170 1208 Belgarum,

176 1213 436 1272 dimissis
475 1216 818 1276 Aeduorum
861 1217 1058 1293 copiis,
1089 1218 1160 1276 ad
1201 1237 1336 1278 eum
1380 1219 1725 1297 reverterat)
1771 1219 1913 1278 facit
1955 1221 2167 1279 verba:
2201 1227 2277 1282 10

177 1303 528 1362 Bellovacos
577 1307 734 1362 omni
788 1315 1042 1384 tempore
1095 1308 1156 1366 in
1209 1308 1320 1366 fide
1375 1318 1551 1384 atque
1604 1310 1861 1368 amicitia
1914 1310 2169 1368 civitatis

177 1393 434 1451 Aeduae
484 1393 698 1452 fuisse:
763 1397 1040 1472 impulsos
1089 1417 1126 1454 a
1163 1398 1288 1456 suis
1335 1399 1709 1474 principibuS,
1750 1400 1853 1473 qui
1892 1397 2169 1469 dicerent,

179 1483 447 1551 Aeduos,
477 1503 514 1541 a
538 1484 790 1544 Caesare
817 1486 877 1542 in
903 1488 1242 1544 servitutem
1270 1487 1549 1556 redactos,
1572 1505 1773 1544 omnes
1798 1486 2169 1564 indignitates

177 1573 678 1649 contumeliasque
705 1573 980 1652 perferre,
1009 1585 1070 1634 et
1111 1576 1186 1633 ab
1226 1575 1455 1632 Aeduis
1500 1573 1801 1645 defecisse,
1840 1585 1899 1633 et
1946 1576 2169 1652 Populo

180 1663 450 1736 Romano
491 1664 708 1722 bellum
749 1666 1046 1724 intulisse:
1089 1667 1192 1742 qui
1229 1666 1407 1742 hujus
1444 1665 1674 1724 consilii
1714 1667 2005 1743 principes
2034 1665 2171 1725 fuis-
2204 1665 2275 1718 15

177 1761 330 1821 sent,
359 1753 512 1827 quod
541 1753 928 1831 intelligerent
955 1766 1232 1831 quantam
1259 1755 1653 1814 calamitatem
1690 1756 1912 1815 civitati
1948 1757 2171 1814 intulis-

181 1851 331 1911 sent,
362 1843 422 1899 in
463 1841 824 1902 Britanniam
868 1843 1210 1921 profugisse.
1295 1845 1499 1904 Petere
1527 1864 1639 1904 non
1679 1846 1867 1904 solum
1908 1845 2173 1904 Bellova-

65 1995 72 2000 ,
179 1951 302 2002 eos,
323 1932 426 1990 sed
451 1934 626 1992 etiam
653 1951 756 2010 pro
781 1935 872 1992 his
894 1935 1150 2006 Aeduos,
1175 1947 1238 1994 ut
1260 1955 1375 1994 sua
1396 1937 1705 1995 elementia
1732 1955 1803 1996 ac
1832 1947 2164 1996 mansuetu-

180 2025 320 2083 dine
349 2025 411 2082 in
439 2044 538 2082 eos
567 2034 782 2084 utatur.
878 2026 1050 2091 Quod
1075 2028 1126 2084 si
1157 2026 1376 2097 fecerit,
1402 2027 1744 2086 Aeduorum
1772 2029 2171 2088 auctoritatem

145 2185 148 2187 v
181 2113 342 2192 apud
381 2134 580 2175 omnes
621 2115 848 2193 Belgas
871 2116 1397 2193 amplificaturum:
1440 2135 1706 2195 quorum.
1728 2119 1965 2177 auxiliis
1994 2128 2167 2195 atque
2194 2115 2279 2173 2⁰

181 2206 409 2283 opibus,
437 2208 488 2263 si
515 2226 634 2282 qua
661 2206 814 2265 bella
839 2206 1165 2277 ineiderint,
1188 2218 1509 2267 sustentare
1538 2210 1894 2268 consuerint.

265 2294 418 2353 XV.·
433 2296 654 2353 Caesar
681 2296 912 2355 honoris
933 2296 1208 2355 Divitiaei
1237 2308 1409 2375 atque
1432 2299 1775 2357 Aeduorum
1802 2316 2005 2369 causa,
2025 2298 2171 2357 Sese

181 2406 282 2445 eos
309 2388 372 2444 in
413 2387 587 2445 fidem
631 2398 1000 2465 recepturum
1027 2398 1086 2447 et
1123 2397 1623 2459 conservaturum,
1652 2389 1829 2447 dixit:
1872 2389 1991 2458 sed,
2021 2388 2173 2465 quod

181 2488 312 2535 erat
339 2478 546 2535 civitas
587 2496 802 2555 magna
829 2479 979 2535 inter
1020 2478 1236 2555 Belgas
1277 2480 1639 2549 auctoritate,
1670 2487 1843 2553 atque
1871 2477 2173 2535 hominum

183 2565 558 2624 multitudine
605 2568 948 2643 praestabat,
989 2587 1062 2627 nc
1111 2569 1338 2627 obsides
1386 2569 1660 2647 poposcit.
1766 2566 1879 2625 His
1926 2566 2171 2637 traditis,
2197 2566 2277 2621 25

181 2656 568 2731 omnibusque
617 2657 796 2714 armis
843 2676 915 2715 ex
969 2658 1176 2735 oppido
1229 2658 1473 2728 collatis,
1504 2658 1579 2717 ab
1621 2676 1691 2715 eo
1738 2656 1865 2715 loco
1918 2657 1979 2713 in
2028 2656 2175 2715 fines

185 2745 614 2803 Ambianorum
656 2736 932 2823 pe'venit,
961 2748 1063 2823 qui
1099 2766 1164 2805 se
1191 2764 1414 2821 suaque
1438 2746 1635 2805 omnia
1668 2746 1795 2802 sine
1831 2762 1994 2802 mora
2018 2744 2173 2803 dedi-

182 2833 416 2892 derunt.
501 2834 722 2893 Eorum
752 2836 898 2894 fines
917 2837 1128 2895 Nervii
1157 2836 1545 2913 attingebant:
1588 2852 1837 2911 quorum
1865 2833 1937 2891 de
1966 2842 2179 2891 natura

181 2925 562 3000 moribusque
588 2925 808 2983 Caesar
833 2944 1016 3001 quum
1052 2935 1379 3002 quaereret,
1408 2926 1494 2983 sic
1524 2924 1879 3002 reperiebat:
1922 2922 2177 2981 Nullum

183 3014 408 3072 aditum
437 3033 564 3072 esse
593 3014 664 3071 ad
693 3034 792 3073 eos
819 3016 1268 3073 mercatoribus:
1311 3015 1455 3073 nihil
1486 3016 1603 3091 pati
1624 3015 1763 3085 vini,
1788 3014 2175 3089 reliquarum·
2202 3012 2281 3067 30

181 3122 302 3180 que
331 3121 528 3181 rerum
556 3104 628 3163 ad
656 3104 950 3163 luxuriam
993 3104 1419 3181 pertinentium,
1448 3103 1669 3173 inferri,
1698 3103 1855 3180 quod
1882 3104 1973 3161 his
2002 3102 2177 3159 rebus

185 3192 636 3269 relanguescere
665 3194 888 3251 animos
927 3186 992 3251 et*
1027 3194 1240 3251 remitti
1269 3193 1543 3251 virtutem
1570 3191 2003 3251 existimarent:
2047 3208 2177 3247 esse

183 3281 450 3340 homines
491 3280 662 3353 feros,
693 3300 1055 3359 magnaeque
1097 3283 1360 3341 virtutis:
1410 3282 1759 3358 increpitare
1800 3290 1973 3355 atque
2014 3281 2177 3339 incu-

183 3389 318 3429 sare
369 3370 622 3447 reliquos
673 3371 905 3449 Belgas,
953 3372 1056 3447 qui
1109 3390 1172 3429 se
1223 3372 1441 3448 Populo
1496 3371 1757 3428 Romano
1809 3368 2175 3438 dedidissent,

186 3461 550 3536 patriamque
599 3462 872 3519 virtutem
923 3461 1330 3537 projecissent:
1396 3460 1759 3528 confirmare,
1804 3476 1931 3517 sese
1988 3476 2177 3533 neque
2204 3462 2279 3515 35

187 3550 410 3626 legatos
436 3550 730 3621 missuros,
761 3568 950 3625 neque
979 3550 1160 3609 ullam
1191 3550 1575 3608 conditionem
1604 3548 1767 3624 pacis
1792 3556 2154 3623 accepturos.

269 3636 434 3701 XVJ.
479 3639 684 3704 Quum
726 3658 830 3717 per
863 3656 1066 3698 eorum
1105 3640 1254 3699 fines
1289 3638 1549 3697 triduum
1590 3639 1701 3695 iter
1742 3636 1989 3707 fecisset,
2018 3638 2197 3695 inve--

188 3728 384 3785 niebat
409 3746 484 3787 ex
511 3729 776 3805 captivis,
807 3728 1008 3786 Sabim
1045 3730 1262 3787 flumen
1291 3729 1365 3787 ab
1392 3727 1599 3785 castris
1638 3728 1761 3784 suis
1786 3744 1901 3783 non
1930 3726 2179 3803 amplius

191 3816 377 3879 millia
405 3838 682 3897 passuum
711 3818 916 3877 decem
937 3818 1168 3880 abesse:
1198 3828 1359 3879 trans
1378 3818 1437 3878 id
1464 3818 1683 3878 flumen
1704 3836 1903 3877 omnes
1926 3816 2180 3877 Nervios
